date,Revenue,Operating Income,Pretax Income,Income (Loss) from Cont Ops,Net Income,Net Income Avail to Common,Total Equity,Cash from Operations,Cash from Investing Activities,Cash from Financing Activities,Company,target_revenue,target_income
2011-12-31,61.863,-32.289,-33.64,-56.351,-41.588848,-41.588848,285.502016,38.239,-79.88,38.765,AMPY,48.41,2.342
2012-03-31,48.41,2.342,0.659,-17.507,-5.6991,-5.6991,267.995008,34.316,-72.466,40.0,AMPY,49.259,4.064
2012-06-30,49.259,4.064,3.217,-112.377,-147.036944,-147.036944,370.139024,25.647,-111.779,88.627,AMPY,55.498,3.674
2012-09-30,55.498,3.674,2.846,-17.803,3.15365,3.15365,353.065008,34.717,-100.63,58.898,AMPY,89.839,20.68
2012-12-31,89.839,20.68,11.284,-2.41,6.12645,6.12645,643.580992,42.569,-488.732992,460.368,AMPY,86.142,13.06
2013-03-31,86.142,13.06,2.198,-7.949,1.879,-2.238,637.124992,62.203,-132.538,102.082,AMPY,102.516,9.947
2013-06-30,102.516,9.947,-6.669,3.338,-4.462,-7.171,642.073984,10.637,-748.793984,699.817024,AMPY,146.874,24.692
2013-09-30,146.874,24.692,-1.251,-23.606,-0.802,-3.05905,654.715008,107.101,-177.936992,83.504,AMPY,160.672992,36.704
2013-12-31,160.672992,36.704,7.02,-315.768,-21.23415,-27.56815,339.999008,47.161,-134.576992,95.626,AMPY,152.524992,42.784
2014-03-31,152.524992,42.784,8.847,-83.645,-22.0497,-24.6697,257.770016,105.409,-122.78,-1.144,AMPY,162.319008,49.077
2014-06-30,162.319008,49.077,15.273,-2.098,9.2198,4.4138,257.582976,68.152,-5.248,-47.892,AMPY,166.518,56.431
2014-09-30,166.518,56.431,22.153,74.597,39.068,10.663,334.277024,135.02,-153.319008,14.356,AMPY,155.3,50.728
2014-12-31,155.3,50.728,15.238,128.075,50.512448,3.06345,465.861984,42.963,-122.917,65.794,AMPY,142.434,39.902
2015-03-31,142.434,39.902,3.408,-193.554,12.414,12.283,273.305984,113.017,-111.167,-1.466,AMPY,136.236,40.936
2015-06-30,136.236,40.936,-3.917,-598.436992,-3.917,-4.586,-322.796992,25.633,-38.827,152.29,AMPY,111.302,34.049
2015-09-30,111.302,34.049,-6.503,-494.342016,-6.503,-6.651,-816.010944,97.242,-81.414,-0.082,AMPY,101.882,30.266
2015-12-31,101.882,30.266,-10.868,-510.862016,-67.346,-67.346,-1326.066048,-22.509,-63.148,-0.033,AMPY,51.961,-4.764
2016-03-31,51.961,-4.764,-48.919,-179.274,-94.543248,-94.543248,-1504.510016,29.855,-58.654,249.132,AMPY,62.559,18.16
2016-06-30,62.559,18.16,-0.655,8.962,2.71095,2.61295,-1495.106944,21.706,-41.77,0.199,AMPY,64.193,22.731
2016-09-30,64.193,22.731,20.063,-38.384,-0.39345,-0.39345,-1533.090112,26.683,-28.648,0.0,AMPY,63.039,15.816
2016-12-31,63.039,15.816,14.432,1541.70496,14.432,-2.272,561.814032,7.397,-27.581,-182.574,AMPY,60.15,14.597
2017-03-31,60.15,14.597,13.62,18.485,15.32275,14.77675,584.088984,32.373,-24.758,0.0,AMPY,53.186,7.477
2017-06-30,53.186,7.477,6.249,13.742,8.87155,8.51155,598.671,30.804,-29.611,-0.997,AMPY,56.215,11.812
2017-09-30,56.215,11.812,10.163,3.663,7.888,7.806,605.597008,26.14,-34.237,-0.004,AMPY,53.344,8.763
2017-12-31,53.344,8.763,12.142,-120.967,9.40885,9.40885,485.587024,30.285,-37.358,-0.977,AMPY,52.844,9.751
2018-03-31,52.844,9.751,7.943,4.004,7.11581,7.01681,491.927992,22.147,-31.758,-50.459,AMPY,53.672,11.426
2018-06-30,53.672,11.426,10.129,-1.542,7.67809,7.67809,491.991016,27.145,20.702,-50.019,AMPY,85.522,-16.952
2018-09-30,85.522,-16.952,-22.29,-2.598,-18.15468,-18.15468,504.958984,67.318,-16.935,17.654,AMPY,75.702,17.31
2018-12-31,75.702,17.31,-25.322,40.953,-11.40425,-13.83025,416.558008,25.171,51.657,-38.986,AMPY,65.155,4.692
2019-03-31,65.155,4.692,0.79,-31.29,-5.9073,-5.9073,473.549,10.8,-10.5,-25.128,AMPY,59.532,4.076
2019-06-30,59.532,4.076,-0.346,18.641,3.64127,2.91327,437.560984,22.499,66.925,-95.598,AMPY,72.959,-0.696
2019-09-30,72.959,-0.696,-6.076,5.157,-3.71707,-3.84507,480.044984,0.57,66.005,-102.327,AMPY,77.929,8.399
2019-12-31,77.929,8.399,4.683,-27.145,-2.00088,-2.00088,434.207016,21.395,-11.596,-17.207,AMPY,58.136,1.122
2020-03-31,58.136,1.122,-6.323,-367.012992,-82.067904,-82.067904,62.096,13.089,-12.72,1.2,AMPY,35.171,-15.407
2011-03-31,3921.999872,1974.0,1928.999936,1134.0,1136.050048,1117.049984,25198.000384,1979.000064,-1748.999936,-8.0,APA,4386.999808,2227.000064
2011-06-30,4386.999808,2227.000064,2185.999872,1259.000064,1293.849984,1274.850048,26667.000064,2744.999936,-1628.0,-366.0,APA,4302.000128,2108.999936
2011-09-30,4302.000128,2108.999936,2072.0,1002.0,987.100032,968.099968,27903.000832,2447.000064,-2248.999936,-719.0,APA,4288.0,2035.000064
2011-12-31,4288.0,2035.000064,2000.0,1188.999936,1247.149952,1228.150016,28993.000704,2782.000128,-3019.000064,-54.0,APA,4496.0,2087.000064
2012-03-31,4496.0,2087.000064,2047.000064,797.0,1164.0,1144.999936,29714.999552,2007.000064,-2641.999872,585.0,APA,3892.999936,1440.999936
2012-06-30,3892.999936,1440.999936,1396.0,356.0,794.649984,775.649984,30673.000704,2792.0,-4944.0,2268.0,APA,4095.000064,1556.999936
2012-09-30,4095.000064,1556.999936,1516.999936,180.0,668.4,649.4,30714.00064,1623.000064,-2974.000128,1308.0,APA,4405.000192,1804.0
2012-12-31,4405.000192,1804.0,1764.0,668.0,739.0,720.0,31331.000576,2082.0,-2864.0,624.0,APA,4103.000064,1592.0
2013-03-31,4103.000064,1592.0,1536.999936,778.0,809.0,790.0,31987.000576,2620.999936,-2592.0,59.0,APA,4036.999936,1468.999936
2013-06-30,4036.999936,1468.999936,1416.999936,1037.0,881.0,862.0,32720.99968,2759.000064,-2772.0,-51.0,APA,4228.999936,1648.0
2013-09-30,4228.999936,1648.0,1598.0,435.0,1050.0,1044.0,32981.000192,1978.0,1030.0,-1940.999936,APA,3660.0,1246.0
2013-12-31,3660.0,1246.0,1227.000064,230.0,388.0,388.0,35392.99968,2476.999936,-2782.000128,960.0,APA,3599.000064,1382.0
2014-03-31,3599.000064,1382.0,1355.000064,851.0,705.0,705.0,35177.000448,2292.999936,-1948.999936,-607.0,APA,3288.999936,1195.000064
2014-06-30,3288.999936,1195.000064,1192.0,557.0,576.0,576.0,34891.999232,2339.000064,-2542.000128,-916.0,APA,3440.999936,1366.0
2014-09-30,3440.999936,1366.0,992.0,-1084.999936,487.0,487.0,32985.999872,1896.0,-2449.999872,540.0,APA,2683.000064,720.0
2014-12-31,2683.000064,720.0,901.0,-3694.000128,334.0,334.0,28136.999424,1428.999936,-1448.999936,189.0,APA,1630.0,-138.0
2015-03-31,1630.0,-138.0,-207.0,-4504.0,-167.0,-167.0,23404.999168,650.0,-2118.0,928.0,APA,2019.000064,282.0
2015-06-30,2019.000064,282.0,165.0,-917.0,178.0,178.0,17754.999808,1132.0,4391.000064,-2712.0,APA,1526.0,-87.0
2015-09-30,1526.0,-87.0,-208.0,-4119.000064,-33.0,-33.0,11972.0,711.0,-927.0,-1079.000064,APA,1263.000064,-340.0
2015-12-31,1263.000064,-340.0,-399.0,-7870.000128,-24.0,-24.0,4227.999616,262.0,-351.0,-99.0,APA,1084.0,-217.0
2016-03-31,1084.0,-217.0,-322.0,-371.0,-314.0,-314.0,3554.000896,239.0,-555.0,-147.0,APA,1364.999936,-11.0
2016-06-30,1364.999936,-11.0,-115.0,-200.0,-99.0,-99.0,8696.000128,744.0,-411.0,-136.0,APA,1438.0,134.0
2016-09-30,1438.0,134.0,32.0,-526.0,-12.0,-12.0,7949.000192,651.0,-396.0,-226.0,APA,1451.000064,139.0
2016-12-31,1451.000064,139.0,34.0,-143.0,-22.0,-22.0,7679.000064,796.0,-298.0,-351.0,APA,1536.999936,310.0
2017-03-31,1536.999936,310.0,211.0,267.0,31.0,31.0,7823.000448,455.0,-93.0,-218.0,APA,1404.999936,172.0
2017-06-30,1404.999936,172.0,32.0,613.0,-79.0,-79.0,8264.999808,751.0,-436.0,-169.0,APA,1362.0,161.0
2017-09-30,1362.0,161.0,60.0,105.0,14.0,14.0,8376.999808,554.0,-94.0,-185.0,APA,1592.0,415.0
2017-12-31,1592.0,415.0,318.0,518.0,126.0,126.0,8791.000576,668.0,-793.0,-149.0,APA,1691.000064,447.0
2018-03-31,1691.000064,447.0,348.0,206.0,114.0,114.0,8868.99968,615.0,-890.0,-316.0,APA,1872.0,578.0
2018-06-30,1872.0,578.0,484.0,269.0,181.0,181.0,8994.999552,1112.999936,-1024.0,-194.0,APA,1998.0,670.0
2018-09-30,1998.0,670.0,572.0,161.0,235.0,235.0,8945.999744,1006.0,-926.0,-459.0,APA,1736.999936,358.0
2018-12-31,1736.999936,358.0,265.0,-350.0,140.0,140.0,8812.000384,1043.0,-1104.0,182.0,APA,1699.000064,335.759488
2019-03-31,1699.000064,335.759488,238.759488,-2.0,41.76,41.76,8609.000192,598.0,-938.0,-47.0,APA,1622.0,385.0
2019-06-30,1622.0,385.0,287.0,-316.0,155.0,155.0,8675.000064,856.0,-894.0,260.0,APA,1486.0,123.0
2019-09-30,1486.0,123.0,28.0,-117.0,-107.0,-107.0,8407.000704,635.0,-951.0,-70.0,APA,1755.000064,317.0
2019-12-31,1755.000064,317.0,212.0,-3247.000064,243.0,243.0,5020.0,778.0,-663.0,-31.0,APA,1254.0,33.0
2020-03-31,1254.0,33.0,33.0,-4622.000128,129.0,129.0,344.999936,502.0,-509.0,188.0,APA,596.0,-369.0
2011-03-31,96.068,25.234,10.181,-58.935,-8.5353,-8.5353,1507.612032,70.167,-120.678,41.523,AR,114.714,33.516
2011-06-30,114.714,33.516,17.91,74.623,15.7993,15.7993,1581.81696,41.736,-192.412,154.619008,AR,132.412,43.738
2011-09-30,132.412,43.738,23.13,111.078,21.6861,21.6861,1692.893952,86.543,-374.392,288.086016,AR,161.092,50.989
2011-12-31,161.092,50.989,27.852,265.912,10.09085,10.09085,1958.806016,67.861,-213.767008,145.068992,AR,92.034,48.915
2012-03-31,92.034,48.915,24.545,287.555008,-12.36865,-12.36865,1673.73696,100.491,124.699,-222.04,AR,0.0,0.0
2013-03-31,181.526,73.159,-148.782,-47.997,27.067,27.067,1625.740032,110.207,-547.884992,423.495008,AR,205.807008,71.852
2013-06-30,205.807008,71.852,38.384,131.193,16.4459,16.4459,1756.932992,192.396992,-1178.407936,977.889024,AR,269.588,110.879
2013-09-30,269.588,110.879,26.401,117.794,14.59805,14.59805,1877.826944,331.936992,-1864.883968,1525.542016,AR,656.014016,96.046
2013-12-31,656.014016,96.046,-431.42,-225.176992,-287.260608,-287.260608,3598.66,202.77,-808.707968,611.841024,AR,416.064992,145.176
2014-03-31,416.064992,145.176,113.834,-94.759,59.29,59.29,3533.037896,274.307008,-735.513024,456.299008,AR,436.056992,120.419
2014-06-30,436.056992,120.419,83.159,-44.495,46.705,46.705,3523.227008,222.368,-1018.358016,801.329024,AR,510.966016,76.966
2014-09-30,510.966016,76.966,34.511,203.908992,50.742,50.742,3751.421952,302.071008,-1070.601024,756.918976,AR,585.126976,141.55
2014-12-31,585.126976,141.55,14.105,608.969984,-17.08989,-17.08989,5473.83008,199.375008,-1265.177984,1305.474048,AR,654.972992,142.522
2015-03-31,654.972992,142.522,89.337,399.171008,47.826,47.826,6434.275072,351.393984,-739.235968,327.353984,AR,574.820992,62.634
2015-06-30,574.820992,62.634,2.811,-139.483008,-4.545,-4.545,6309.446016,243.714,-599.542016,313.623008,AR,570.182976,76.717
2015-09-30,570.182976,76.717,15.796,544.734016,-0.719528625,-0.719528625,7110.424064,246.046,-498.086016,136.164,AR,629.952,126.336
2015-12-31,629.952,126.336,65.865,175.574,42.836788,42.836788,7286.678016,169.780992,-461.295008,287.576992,AR,765.427008,138.698
2016-03-31,765.427008,138.698,75.414,10.65,32.419682,32.419682,7420.343936,340.168,-519.295008,195.524,AR,727.936,109.142
2016-06-30,727.936,109.142,47.031,-575.489984,25.905176,25.905176,7600.898816,238.538,-519.064,268.907008,AR,782.881024,145.463008
2016-09-30,782.881024,145.463008,87.251,268.196,38.919044,38.919044,7980.282112,326.991008,-936.307968,599.577984,AR,887.910016,215.396992
2016-12-31,887.910016,215.396992,145.936992,-452.804,51.534136,51.534136,7728.57792,335.559008,-420.471008,98.01,AR,801.652992,134.316
2017-03-31,801.652992,134.316,69.877,305.558016,40.24376,40.24376,8253.952128,393.939008,-688.473024,262.924,AR,735.811968,84.365
2017-06-30,735.811968,84.365,19.406,39.965,-29.610302,-29.610302,8302.861824,253.647008,-634.734976,495.612,AR,775.315968,96.384
2017-09-30,775.315968,96.384,33.358,-90.0,-30.35564,-30.35564,8387.262144,1045.222016,-550.764992,-510.952992,AR,919.843968,185.108
2017-12-31,919.843968,185.108,129.025,529.614016,58.625688,58.625688,8876.135808,313.483008,-513.323008,204.587008,AR,1122.813056,291.742016
2018-03-31,1122.813056,291.742016,235.178,80.81,124.944744,124.944744,8921.097856,541.548992,-563.569024,16.732,AR,1014.118016,134.366
2018-06-30,1014.118016,134.366,74.281,-67.275,-9.15915,-9.15915,8802.91104,297.391008,-608.777984,338.841984,AR,1074.638976,225.163008
2018-09-30,1074.638976,225.163008,161.34,-77.972,61.285244,61.285244,8671.151808,421.457984,-597.992,125.926,AR,1242.779008,293.868992
2018-12-31,1242.779008,293.868992,222.467008,18.736,134.662816,134.662816,8487.47712,821.588992,-580.385024,-241.204,AR,1211.867008,243.636
2019-03-31,1211.867008,243.636,88.675,1025.756032,-6.410965,-6.410965,8292.797952,539.004032,-204.816992,-334.187008,AR,1015.936,-46.178
2019-06-30,1015.936,-46.178,-86.757,42.168,-69.128384,-69.128384,8339.699968,218.104,-340.768992,122.665,AR,1018.096,-37.332
2019-09-30,1018.096,-37.332,-202.944992,-878.864,-152.751312,-152.751312,7446.697984,198.41,-279.740992,81.331,AR,1023.908992,-74.553
2019-12-31,1023.908992,-74.553,-56.819,-482.196,-37.953036,-37.953036,6970.742784,147.94,-216.163008,68.223,AR,962.198016,124.77
2020-03-31,962.198016,124.77,-56.387,-338.809984,-40.673248,-40.673248,6592.54,200.676992,-186.680992,-13.996,AR,966.838016,-96.802
2011-03-31,26.595,6.587,0.085,-9.911,-0.11225,-0.11225,-4.988992,4.204,-5.366,1.167,BATL,25.988,6.107
2011-06-30,25.988,6.107,1.746,8.936,2.1552,2.1552,4.762,8.839,-8.13,-0.297,BATL,24.197,5.741
2011-09-30,24.197,5.741,2.286,11.776,-2.9179,-2.9179,17.424992,10.77,-6.134,-5.046,BATL,25.626,1.152
2011-12-31,25.626,1.152,-2.454,-12.204,-2.95645,-2.95645,1.68,6.022,-5.746,-0.271,BATL,26.869,-9.682
2012-03-31,26.869,-9.682,-22.679,-33.322,-30.0408,-31.1428,672.85,-9.199,-28.378,723.310976,BATL,24.374,-1.645
2012-06-30,24.374,-1.645,-5.824,7.659,2.3966,-84.9464,680.888992,6.296,-472.084992,-0.635,BATL,75.549,16.171
2012-09-30,75.549,16.171,11.097,-20.181,-0.47625,-0.47625,1113.814048,4.781,-1111.853056,905.838976,BATL,128.562,16.218
2012-12-31,128.562,16.218,7.245,-8.041,11.2237,11.2237,2093.22,82.482,-1220.150016,1122.048,BATL,189.231008,32.889
2013-03-31,189.231008,32.889,29.662,5.465,19.05195,19.05195,2101.988992,45.71,-445.024,397.609984,BATL,213.928,31.504
2013-06-30,213.928,31.504,26.187,37.088,14.9737,14.2577,2481.824912,185.656,-722.201984,538.804992,BATL,288.675008,42.408
2013-09-30,288.675008,42.408,28.745,-854.827008,-46.321248,-51.391248,1849.755904,161.715008,-660.750016,496.435008,BATL,286.588992,35.661
2013-12-31,286.588992,35.661,4.421,-410.388,-255.260944,-260.219952,1447.610112,102.319,-274.199008,174.252992,BATL,268.408992,50.9
2014-03-31,268.408992,50.9,26.701,-72.964,-8.18175,-13.14075,1380.80384,159.5,-509.497984,347.529984,BATL,311.999008,80.538
2014-06-30,311.999008,80.538,57.958,-67.477,14.05575,8.19975,1427.512944,251.442,-98.062,7.526,BATL,300.083008,65.892
2014-09-30,300.083008,65.892,33.868,197.635008,92.0282,81.2462,1628.573856,170.948,-319.692,82.16,BATL,280.2,37.477
2014-12-31,280.2,37.477,-41.839,258.762,63.229,51.812,1889.335024,86.044,-343.840992,206.822,BATL,243.943008,49.052
2015-03-31,243.943008,49.052,-12.255,-587.641024,-19.6825,-33.2345,1315.597992,93.935,-268.012,148.975008,BATL,256.172,88.052
2015-06-30,256.172,88.052,-61.018,-1088.611968,-26.1618,-42.1308,482.691872,123.595,-144.204992,11.972,BATL,244.819008,101.697
2015-09-30,244.819008,101.697,-71.16,147.075008,-55.894,-79.441,629.172992,114.664,-126.449,8.066,BATL,244.89,110.428
2015-12-31,244.89,110.428,57.756,-393.443008,-102.023952,-133.292952,236.399984,134.804992,-128.466,-4.567,BATL,189.068992,72.7
2016-03-31,189.068992,72.7,24.909,-539.998976,-172.8088,-199.671808,-300.14496,34.374,-117.756,83.959,BATL,186.927008,90.878
2016-06-30,186.927008,90.878,32.556,-374.303008,32.556,24.506,-672.628,108.369,-53.621,-56.178,BATL,182.451008,79.463
2016-09-30,182.451008,79.463,49.094,475.568,54.1958,43.5658,132.835968,44.927,-68.638,18.549,BATL,192.200992,85.667
2016-12-31,192.200992,85.667,62.285,-28.501,60.8014,60.8014,112.688,90.814,-50.801,-42.0,BATL,137.782,31.774
2017-03-31,137.782,31.774,6.931,189.352,6.931053,6.130053,698.788032,45.56,-289.555008,306.128,BATL,120.137,13.885
2017-06-30,120.137,13.885,0.401,20.177,0.401,-46.805,732.02896,77.083,-290.472,151.252992,BATL,96.953,-3.491
2017-09-30,96.953,-3.491,-14.027,419.287008,-9.026835,-9.026835,1161.987968,-20.421,1317.787008,-308.04,BATL,25.277,-10.995
2017-12-31,25.277,-10.995,-17.654,-93.13,-18.285,-18.285,1071.998,12.369,-139.168,-438.476992,BATL,44.045,-2.905
2018-03-31,44.045,-2.905,-9.953,-2.598,-9.953,-9.953,1134.225024,-12.582,-293.048,263.634,BATL,81.189,34.773
2018-06-30,81.189,34.773,24.239,-16.274,24.239,24.239,1122.882992,56.16,-341.223008,-1.142,BATL,51.952,3.975
2018-09-30,51.952,3.975,-8.965,-81.837,-8.965,-8.965,1046.450024,-6.869,-143.856,54.992,BATL,57.774,-3.639
2018-12-31,57.774,-3.639,-16.132,146.668,-13.624,-13.624,1197.04404,30.446,71.642,-55.359,BATL,51.916,-3.952
2019-03-31,51.916,-3.952,-13.171,-336.559008,-2.09345875,-2.09345875,853.663024,-36.834,-114.431,104.594,BATL,62.624,-13.896
2019-06-30,62.624,-13.896,-28.366,-640.844032,4.031,4.031,214.156992,9.936,-90.872,82.979,BATL,50.809,-12.394
2019-09-30,50.809,-12.394,-6.346,-63.284,-8.104,-8.104,148.43104,-6.335,-49.114,70.22,BATL,67.571,12.556
2019-12-31,67.571,12.556,11.281,-125.826,11.287,11.287,316.650016,7.156,-42.79,28.9,BATL,53.32,5.066
2020-03-31,53.32,5.066,3.437,114.491,27.03638,27.03638,431.576984,12.343,-47.648,25.968,BATL,50.954,8.005
2011-03-31,21.436696,6.618292,6.749386,0.32692,4.376723,4.376723,356.869064,10.186129,-16.531265,7.113184,BCEI,24.89236,8.943394
2011-06-30,24.89236,8.943394,7.926164,7.707745,4.924386,4.924386,364.411467,13.29125,-42.5317,28.472402,BCEI,26.85424,8.5285
2011-09-30,26.85424,8.5285,7.403067,4.833352,2.102478,2.10247825,369.317555,15.506996,-53.439588,38.08516,BCEI,34.444,7.743
2011-12-31,34.444,7.743,6.404,-0.181,4.28515,4.28515,527.981519,18.618728,-46.399924,29.7183,BCEI,46.619292,17.760268
2012-03-31,46.619292,17.760268,18.372164,8.477894,11.459424,11.459424,537.198232,17.685294,-34.739912,14.964942,BCEI,51.585424,19.702198
2012-06-30,51.585424,19.702198,18.96261,21.193552,11.119494,11.119494,559.500112,38.704152,-76.50664,40.407864,BCEI,58.235012,15.006997
2012-09-30,58.235012,15.006997,13.883535,1.644239,8.805189,8.805189,564.364616,36.258372,-93.667936,59.649768,BCEI,74.04,26.967
2012-12-31,74.04,26.967,25.126,13.255,14.34505,14.34505,578.517504,64.987736,-100.362104,34.796456,BCEI,76.8,23.766
2013-03-31,76.8,23.766,21.94,11.273,13.61885,13.37785,591.24324,39.799,-71.436,30.54,BCEI,93.565,31.653
2013-06-30,93.565,31.653,25.697,14.883,15.8489,15.4739,608.424064,51.029,-109.132,101.017,BCEI,119.099,53.481
2013-09-30,119.099,53.481,47.248,17.925,29.6913,29.2493,628.482,100.294,-167.028,38.018,BCEI,131.598,45.384
2013-12-31,131.598,45.384,37.385,25.501,23.26825,23.26825,656.028344,125.760504,-127.493976,164.946144,BCEI,125.168,31.408
2014-03-31,125.168,31.408,22.124,9.577,13.83515,13.57915,671.895008,77.684,-122.296,-4.627,BCEI,130.29,20.355
2014-06-30,130.29,20.355,11.088,1.271,7.13465,7.134629,680.099968,80.285,-174.367008,-0.706,BCEI,155.376992,55.931
2014-09-30,155.376992,55.931,42.884,48.854,25.20115,24.28815,780.542016,117.993,-354.736,292.806016,BCEI,144.559008,36.683
2014-12-31,144.559008,36.683,22.181,-42.75,16.4559,17.30992,740.071008,51.758,-173.595008,31.803,BCEI,108.542,6.408
2015-03-31,108.542,6.408,-7.879,-18.421,-4.06965,-3.75565,925.765968,32.09,-131.818,167.658,BCEI,105.611,-16.707
2015-06-30,105.611,-16.707,-30.977,-41.164,-36.348,-35.66,888.518,31.262,-128.385,41.949,BCEI,109.866,6.58
2015-09-30,109.866,6.58,-9.57,-112.299,-1.1321,0.7909,779.550008,36.989,-52.811,25.808,BCEI,99.656,4.085
2015-12-31,99.656,4.085,-42.814,-573.662976,-189.578,-189.578,209.40704,9.875,-23.752,9.892,BCEI,51.682,-10.727
2016-03-31,51.682,-10.727,-25.654,-47.237,-25.654,-25.654,164.94496,26.531,-37.89,208.616992,BCEI,58.423,-4.965
2016-06-30,58.423,-4.965,-30.572,-49.477,-30.572,-30.572,117.803968,-11.775,-20.175,-16.478,BCEI,53.673,-10.849
2016-09-30,53.673,-10.849,-25.078,-34.902,-25.078,-25.078,84.756032,17.506,-10.158,-44.089,BCEI,49.85,-45.61
2016-12-31,49.85,-45.61,-67.595,-67.334,-65.011,-65.011,19.060992,-17.699,0.822,-35.988,BCEI,52.559,-2.096
2017-03-31,52.559,-2.096,-5.273,-94.276,-36.424048,-36.424048,-73.825024,15.652,-4.065,-0.335,BCEI,44.144,-2.863
2017-06-30,44.144,-2.863,-2.849,93.356,-2.9134,-2.9134,686.410976,-39.369,-12.015,13.661,BCEI,45.232,13.392846
2017-09-30,45.232,13.392846,13.123846,4.328,11.012,11.012,693.066976,15.252,-38.04,-0.318,BCEI,50.189,8.193
2017-12-31,50.189,8.193,4.995,-5.768,3.77939275,3.77939275,688.333984,16.155,-34.54,0.0,BCEI,59.881,21.147
2018-03-31,59.881,21.147,20.802,13.87,20.802,20.802,703.211984,15.903,-37.845,15.0,BCEI,64.562,28.637
2018-06-30,64.562,28.637,28.109,4.859,23.2265,23.2265,710.429,26.246,-55.192,45.174,BCEI,66.058,25.023
2018-09-30,66.058,25.023,25.108,43.363,25.108,25.108,755.596032,24.873,37.082,-59.937,BCEI,66.213,29.265
2018-12-31,66.213,29.265,28.249,106.094,28.37584,28.37584,863.913008,49.576,-108.421,47.761,BCEI,72.594,30.861
2019-03-31,72.594,30.861,30.658,-6.993,30.658,30.658,858.147008,41.721,-36.788,14.847,BCEI,85.783,35.533
2019-06-30,85.783,35.533,34.616,41.022,34.616,34.616,900.006016,62.727,-85.343,-0.93,BCEI,75.176,24.195
2019-09-30,75.176,24.195,27.251,35.893,27.251,27.251,937.923968,58.56,-74.095,14.757,BCEI,79.667,26.921
2019-12-31,79.667,26.921,24.153,-2.855,18.48132,18.48132,936.690016,61.639,-58.932,-0.07,BCEI,60.405,10.489
2020-03-31,60.405,10.489,19.856,78.551,19.856,19.856,1016.419008,47.994,-26.871,-21.071,BCEI,36.192,-10.163
2017-03-31,152.372992,42.579,32.556,-491.587008,-155.901648,-157.693648,0.0,46.665,-10.833,-187.668,BRY,0.0,0.0
2018-03-31,97.284,-0.745,-8.514,6.41,-10.716,-16.366,861.111984,27.592,-19.876,12.185,BRY,65.982,-23.001
2018-06-30,65.982,-23.001,-32.156,-28.061,-35.05,-40.7,860.033976,-77.14,-22.471,34.282,BRY,142.947008,58.825
2018-09-30,142.947008,58.825,48.948,36.985,40.529,-46.113,889.109992,56.882,-40.028,-16.251,BRY,280.345984,172.648
2018-12-31,280.345984,172.648,40.87,131.768,30.332,30.332,1006.446016,98.137,-39.065,-14.305,BRY,76.539,-35.509
2019-03-31,76.539,-35.509,33.868,-34.098,24.495,24.495,939.129024,21.097,-52.791,-35.324,BRY,170.066,64.142
2019-06-30,170.066,64.142,34.028,31.972,27.239942,27.239942,952.315976,76.382,-61.594,-16.223,BRY,194.672,81.883
2019-09-30,194.672,81.883,45.861,52.649,33.15765,33.15765,997.343984,73.794,-68.759,-5.262,BRY,118.128,-7.261
2019-12-31,118.128,-7.261,42.494,-6.984,29.247718,29.247718,972.448008,86.036,-57.361,-28.675,BRY,339.264992,222.956992
2020-03-31,339.264992,222.956992,34.462,-115.3,-18.172326,-18.172326,849.825992,44.483,-43.038,-1.444,BRY,33.453,-77.601
2014-12-31,133.602,64.8,61.674,-20.713,32.83855,32.83855,814.382016,0.0,0.0,0.0,BSM,91.061,33.653
2015-03-31,91.061,33.653,28.562,17.299,24.61995,21.70195,772.137,74.359,-13.206,-67.588,BSM,64.803,-2.879
2015-06-30,64.803,-2.879,30.911,-122.766,-23.01595,-24.82595,1024.639992,69.725,-28.809,-43.236,BSM,137.02,79.557
2015-09-30,137.02,79.557,34.697,53.892,41.415248,38.439248,1050.195968,73.081,-62.207,-11.352,BSM,83.895,26.573
2015-12-31,83.895,26.573,26.366,-49.73,0.8554,-1.8836,910.653008,67.57,13.224,-73.131,BSM,74.336,12.981
2016-03-31,74.336,12.981,12.12,10.749,11.63815,9.83415,859.051968,25.906,-35.082,0.956,BSM,84.639,25.179
2016-06-30,84.639,25.179,23.847,-20.81,8.22605,6.91605,777.277984,57.638,-137.796,84.915,BSM,96.66,36.805
2016-09-30,96.66,36.805,35.024,37.535,35.910848,34.586848,772.968008,58.015,-30.882,-50.516,BSM,86.45,25.738
2016-12-31,86.45,25.738,22.431,-7.286,12.02705,10.70305,725.661008,55.097,-17.782,-32.391,BSM,106.135,45.644
2017-03-31,106.135,45.644,42.212,61.583,48.982848,47.868848,747.998,63.954,-64.086,4.365,BSM,101.603,38.912
2017-06-30,101.603,38.912,35.246,54.174,41.8868,41.2148,797.887016,75.21,-34.281,-47.447,BSM,103.431,40.536
2017-09-30,103.431,40.536,36.354,22.034,31.362,30.696,818.389024,72.502,-18.115,-52.963,BSM,106.799,34.37
2017-12-31,106.799,34.37,30.717,19.36,26.74905,24.15905,1090.543048,70.186,-337.767008,264.312,BSM,126.452,59.916
2018-03-31,126.452,59.916,53.913,41.957,51.37524,46.12524,1086.48,76.474,-60.166,-15.653,BSM,109.309,33.524
2018-06-30,109.309,33.524,55.747,28.69,50.113032,44.863032,1070.632008,99.852,-31.093,-67.985,BSM,139.718,66.18
2018-09-30,139.718,66.18,69.493,60.775,67.684224,62.43422,1117.309,113.393,-52.466,-63.557,BSM,246.047008,170.716
2018-12-31,246.047008,170.716,63.338,164.138,84.483,79.233,1202.623968,95.659,-20.079,-74.607,BSM,83.806,14.594
2019-03-31,83.806,14.594,51.943,9.017,42.92854,37.67854,1133.889024,90.174,-24.379,-66.962,BSM,163.618,100.666
2019-06-30,163.618,100.666,68.831,95.087,74.34476,69.09476,1144.015008,110.802,-21.634,-89.509,BSM,137.368992,75.233
2019-09-30,137.368992,75.233,59.603,70.247,61.83824,56.58824,1135.682016,105.334,-2.82,-104.454,BSM,103.028,44.679
2019-12-31,103.028,44.679,66.808,40.017,61.181888,55.931888,1096.804,106.41,0.21,-100.467,BSM,183.054,136.355008
2020-03-31,183.054,136.355008,50.901,76.112,56.195312,50.945312,1102.087008,71.45,1.391,-77.92,BSM,38.529,-5.314
2016-03-31,23.75,-6.105,-7.746,-14.461,-10.09625,-10.09625,483.773339,18.552,-22.419,2.197,CDEV,29.39,0.056
2016-06-30,29.39,0.056,-1.736,-16.133,-6.51105,-6.51105,483.771993,17.052,-63.036,46.57,CDEV,29.273,-1.775
2016-09-30,29.273,-1.775,-3.758,-5.134,-4.2396,-4.2396,483.247927,15.907,-15.52,-0.661,CDEV,30.771,-1.932
2016-12-31,30.771,-1.932,0.733,-8.985,-1.7643,-1.7643,2552.934904,9.41,-1749.732992,1874.268032,CDEV,60.7,7.653
2017-03-31,60.7,7.653,7.243,10.707,7.5714,7.5714,2566.252048,19.248,-98.42,-0.037,CDEV,91.337,23.984
2017-06-30,91.337,23.984,23.277,23.198,14.9185,14.9185,2925.952,73.892,-496.904992,368.139008,CDEV,112.001,26.977
2017-09-30,112.001,26.977,25.962,16.26,15.40185,15.40185,2946.036888,44.01,-171.428992,130.0,CDEV,165.196992,69.143
2017-12-31,165.196992,69.143,65.546,33.39,43.2292,43.2292,3003.972056,122.768,-225.552,226.118,CDEV,216.259008,88.228
2018-03-31,216.259008,88.228,82.412,70.772,60.167368,60.167368,3085.717976,131.826,-218.583008,-0.934,CDEV,222.926,81.834
2018-06-30,222.926,81.834,76.029,67.482,54.540528,54.540528,3158.200944,192.076,-214.788,27.208,CDEV,243.746,101.254
2018-09-30,243.746,101.254,94.733,41.674,71.999528,71.999528,3205.205936,170.792992,-261.595008,109.237,CDEV,228.724,69.503
2018-12-31,228.724,69.503,61.295,32.808,46.60304,46.60304,3243.868912,175.316,-373.697984,158.648992,CDEV,214.192,52.114
2019-03-31,214.192,52.114,42.08,-8.537,33.6632,33.6632,3241.524048,101.028,-218.878,189.186,CDEV,250.627008,65.089
2019-06-30,250.627008,65.089,50.785,19.002,38.302448,38.302448,3267.242976,179.166,-239.642,-0.543,CDEV,220.912,22.104
2019-09-30,220.912,22.104,6.92,-3.713,3.7146,3.7146,3253.813976,104.681,-239.6,119.421,CDEV,252.944,45.769
2019-12-31,252.944,45.769,29.634,9.662,24.81207,24.81207,3270.700936,179.298,-234.868992,54.873,CDEV,192.716,19.001
2020-03-31,192.716,19.001,2.527,-550.345024,-45.4798,-45.4798,2726.786904,100.818,-166.976,59.792,CDEV,83.615,-74.097
2011-03-31,2793.999872,893.0,913.0,-162.0,561.0,518.0,14994.999424,718.0,2225.999872,-2196.999936,CHK,3211.000064,902.923072
2011-06-30,3211.000064,902.923072,926.923072,510.0,571.0,528.0,15482.99968,1352.0,-2443.000064,351.0,CHK,3345.999872,855.0
2011-09-30,3345.999872,855.0,883.0,922.0,539.0,496.0,16298.000128,1631.000064,-3475.000064,1846.0,CHK,3072.0,684.0
2011-12-31,3072.0,684.0,747.0,487.0,437.0,394.0,17960.999936,2201.999872,-2120.0,158.0,CHK,2688.999936,272.0
2012-03-31,2688.999936,272.0,261.0,-3.0,137.0,94.0,18894.000256,274.0,-3649.999872,3463.000064,CHK,2579.000064,178.0
2012-06-30,2579.000064,178.0,183.0,1037.0,50.55,7.55,19788.0,755.0,-1271.000064,1108.999936,CHK,3073.999872,266.0
2012-09-30,3073.999872,266.0,198.0,-1971.000064,76.0,33.0,17690.999808,949.0,-3232.999936,1408.999936,CHK,3414.000128,421.0
2012-12-31,3414.000128,421.0,397.0,344.0,196.0,153.0,17896.000448,859.0,3169.999872,-3897.999872,CHK,3569.999872,473.0
2013-03-31,3569.999872,473.0,431.0,102.0,226.0,183.0,18014.000384,924.0,-1744.999936,567.0,CHK,4099.000064,722.0
2013-06-30,4099.000064,722.0,644.0,625.0,388.0,265.0,18203.99968,1280.999936,170.0,-807.0,CHK,5057.999872,644.0
2013-09-30,5057.999872,644.0,592.0,240.0,328.0,282.0,18348.0,1380.999936,-472.0,-599.0,CHK,4552.0,497.0
2013-12-31,4552.0,497.0,388.0,-74.0,204.65,161.65,18140.000256,1053.0,-920.0,-283.0,CHK,5190.000128,865.0
2014-03-31,5190.000128,865.0,811.0,466.0,456.0,405.0,18477.0,1291.000064,-999.0,-125.0,CHK,5152.0,588.0
2014-06-30,5152.0,588.0,519.769216,230.0,284.249984,238.25,18324.999808,1352.0,-781.0,-113.0,CHK,5080.999936,569.0
2014-09-30,5080.999936,569.0,551.0,692.0,314.550016,-178.45,17630.999808,1162.0,-1158.0,-1376.0,CHK,4773.000192,190.0
2014-12-31,4773.000192,190.0,193.0,668.0,83.55,30.55,18205.000576,829.0,3392.0,-203.0,CHK,3492.0,228.923072
2015-03-31,3492.0,228.923072,183.923072,-3720.0,89.55,46.55,14372.999552,423.0,-1472.0,-152.0,CHK,3822.000128,221.0
2015-06-30,3822.000128,221.0,149.0,-4089.999872,148.05,105.05,10242.99968,314.0,-1040.0,-130.0,CHK,3443.000064,161.0
2015-09-30,3443.000064,161.0,1.0,-4639.000064,-18.55,-61.55,4546.000512,318.0,-393.0,-217.0,CHK,2700.0,-19.538462
2015-12-31,2700.0,-19.538462,-121.538464,-2184.999936,-98.65,-141.65,2397.000128,179.0,-546.0,-567.0,CHK,1995.000064,11.615385
2016-03-31,1995.000064,11.615385,-131.384616,-1068.0,-69.0,-112.0,1571.00032,-421.0,-273.0,-115.0,CHK,2166.000128,-115.0
2016-06-30,2166.000128,-115.0,-176.0,-1776.0,-177.05,-219.05,229.000768,95.0,174.0,-281.0,CHK,2112.999936,-141.0
2016-09-30,2112.999936,-141.0,-208.0,-1214.0,71.0,29.0,-931.999296,376.0,-480.0,104.0,CHK,2416.0,148.0
2016-12-31,2416.0,148.0,51.0,-342.0,131.826168,-266.173824,-1202.998848,-254.0,-81.0,1212.999936,CHK,2427.000064,-85.0
2017-03-31,2427.000064,-85.0,-177.0,141.0,-179.0,-244.0,-1203.00032,99.0,380.0,-1112.0,CHK,2079.000064,215.0
2017-06-30,2079.000064,215.0,121.0,495.0,119.0,95.0,-683.99936,-157.0,-603.0,524.0,CHK,2044.0,211.0
2017-09-30,2044.0,211.0,101.0,-17.0,100.0,77.0,-703.99968,331.0,-379.0,40.0,CHK,2592.0,-527.769216
2017-12-31,2592.0,-527.769216,-826.769216,-1120.999936,-729.550016,-745.550016,-372.0,202.0,-316.0,114.0,CHK,2608.0,196.265824
2018-03-31,2608.0,196.265824,33.265822,18.0,29.9,6.9,-96.999232,588.0,21.0,-610.0,CHK,2423.000064,48.0
2018-06-30,2423.000064,48.0,-50.0,-249.0,-41.0,-41.0,-116.998976,363.0,-524.0,160.0,CHK,2427.000064,168.265824
2018-09-30,2427.000064,168.265824,9.265823,-146.0,6.32,-16.68,-38.999872,444.0,-489.0,46.0,CHK,2480.0,139.0
2018-12-31,2480.0,139.0,-14.0,605.0,-13.0,-41.0,2133.000256,335.0,1447.000064,-1782.0,CHK,2161.999872,-149.0
2019-03-31,2161.999872,-149.0,-26.0,-21.0,-94.46,-117.46,4138.000448,456.0,-856.0,404.0,CHK,2100.999936,27.0
2019-06-30,2100.999936,27.0,-130.0,98.0,-82.12,-105.12,4230.000576,397.0,-516.0,115.0,CHK,2059.000064,42.0
2019-09-30,2059.000064,42.0,-190.0,-61.0,-162.12,-202.12,4735.0,329.0,-563.0,244.0,CHK,2095.000064,41.0
2019-12-31,2095.000064,41.0,-88.0,-324.0,-77.06024,-99.06024,4400.999744,441.0,-545.0,96.0,CHK,2524.999936,300.0
2020-03-31,2524.999936,300.0,-591.0,-8312.999936,-502.547936,-524.547936,-3923.999424,397.0,-511.0,190.0,CHK,507.0,-382.0
2011-03-31,-36.21,-197.302,-215.764,-137.200992,-133.566848,-133.566848,1733.693056,195.635008,-355.323008,629.212032,CLR,602.892032,423.232
2011-06-30,602.892032,423.232,405.468992,239.194,250.887296,250.887296,1975.687936,233.331008,-448.292992,-1.07,CLR,968.988992,755.131008
2011-09-30,968.988992,755.131008,225.605536,439.143008,123.7802,123.7802,2418.617984,240.848,-459.523008,-0.458,CLR,114.118,-129.489
2011-12-31,114.118,-129.489,-148.584,-112.064,-86.8492,-86.8492,2308.12608,398.100992,-741.574976,354.743008,CLR,395.1,117.571
2012-03-31,395.1,117.571,217.04784,69.094,137.924992,137.924992,2379.369088,364.944,-995.115008,619.310016,CLR,1004.718976,708.248
2012-06-30,1004.718976,708.248,221.396768,405.684,122.816,122.816,2791.49696,405.886016,-778.377024,358.944992,CLR,483.728992,135.082
2012-09-30,483.728992,135.082,246.00392,44.096,159.511008,159.511008,2925.371008,377.067008,-817.635008,670.876032,CLR,688.972032,325.932992
2012-12-31,688.972032,325.932992,274.552928,220.511008,191.800992,191.800992,3163.698944,484.168,-1312.242944,604.358976,CLR,702.643008,310.791008
2013-03-31,702.643008,310.791008,263.862,140.627008,166.232992,166.232992,3312.08,458.111008,-873.153024,437.859008,CLR,1100.752,654.633024
2013-06-30,1100.752,654.633024,593.889024,323.270016,374.127008,374.127008,3643.340032,698.833984,-977.024,440.056992,CLR,823.835008,369.984992
2013-09-30,823.835008,369.984992,307.812992,167.498,193.920992,193.920992,3820.61312,821.507968,-949.211008,-1.203,CLR,811.219968,332.278016
2013-12-31,811.219968,332.278016,269.404,132.824,169.724,169.724,3953.117824,584.841984,-911.622976,263.756,CLR,972.494976,488.023008
2014-03-31,972.494976,488.023008,425.807008,226.234,268.259008,268.259008,4187.761024,690.662016,-1019.48,351.871008,CLR,886.094976,313.575008
2014-06-30,886.094976,313.575008,241.527008,103.538,152.162,152.162,4304.260864,741.790976,-1057.806976,1041.443968,CLR,1645.328,1025.046976
2014-09-30,1645.328,1025.046976,951.528,533.520992,599.460992,599.460992,4848.210048,845.398016,-1148.973056,-321.097984,CLR,1297.699968,657.478976
2014-12-31,1297.699968,657.478976,583.980992,114.048,361.167008,361.167008,4967.844096,1077.863936,-1361.138944,155.498,CLR,625.644032,34.215
2015-03-31,625.644032,34.215,-49.390232,-131.971,-33.819,-33.819,4841.037952,522.190016,-1278.403968,784.382976,CLR,796.374016,138.746
2015-06-30,796.374016,138.746,77.936304,0.403,48.45,48.45,4856.027008,394.622016,-684.899008,267.283008,CLR,682.668992,44.053
2015-09-30,682.668992,44.053,-67.770304,-82.423,-43.512,-43.512,4798.576896,498.68,-634.396032,132.031,CLR,575.48,-62.033
2015-12-31,575.48,-62.033,-137.208992,-139.676992,-86.644,-86.644,4668.900096,441.608992,-448.548,3.492,CLR,450.251008,-161.39
2016-03-31,450.251008,-161.39,-241.959008,-198.326,-150.467008,-150.467008,4475.120128,278.902016,-358.811008,81.342,CLR,572.246016,-24.235
2016-06-30,572.246016,-24.235,-105.722,-119.402,-65.638,-65.638,4366.948992,218.819008,-158.983008,-56.181,CLR,515.704992,-51.552
2016-09-30,515.704992,-51.552,-133.266,-109.621,-82.79,-82.79,4260.697984,366.167008,-32.427,-330.801984,CLR,602.753024,39.771
2016-12-31,602.753024,39.771,-35.323,27.67,-27.803,-27.803,4301.995904,262.031008,17.256,-282.132,CLR,637.641024,86.342
2017-03-31,637.641024,86.342,15.612,0.469,6.048,6.048,4309.354112,470.200992,-389.271008,-80.385,CLR,637.123008,70.046
2017-06-30,637.123008,70.046,-2.325,-63.557,-1.985,-1.985,4254.334848,446.371008,-490.048992,43.666,CLR,730.422016,125.657
2017-09-30,730.422016,125.657,50.555,10.621,30.819,30.819,4276.779008,431.408992,-494.934016,57.08,CLR,1054.622016,349.391008
2017-12-31,1054.622016,349.391008,274.073984,841.913984,153.400992,153.400992,5131.203072,731.124992,-434.591008,-263.395008,CLR,1135.049984,408.487008
2018-03-31,1135.049984,408.487008,333.247008,233.946,255.14,255.14,5361.220992,886.190976,-628.211008,-203.724,CLR,1154.556032,431.169984
2018-06-30,1154.556032,431.169984,357.590016,242.464,272.876992,272.876992,5613.488128,753.801984,-715.392,-6.553,CLR,1282.699008,514.116
2018-09-30,1282.699008,514.116,441.576,314.168992,337.016992,337.016992,5938.810112,860.748032,-759.88,-217.976,CLR,1124.272,335.476
2018-12-31,1124.272,335.476,267.051008,199.120992,201.686,201.686,6421.8608,955.267008,-756.689024,71.319,CLR,1138.419968,344.215008
2019-03-31,1138.419968,344.215008,277.732992,186.492992,216.61,216.61,6638.3032,721.507968,-753.070976,13.17,CLR,1163.603968,356.772
2019-06-30,1163.603968,356.772,289.024,236.45,219.136,219.136,6829.834848,783.395968,-804.673984,-36.626,CLR,1133.485952,328.747008
2019-09-30,1133.485952,328.747008,261.776,157.422,199.388992,199.388992,6914.18016,806.972032,-696.182016,-282.001984,CLR,1212.049024,328.956992
2019-12-31,1212.049024,328.956992,264.492,194.108,203.588992,203.588992,7108.350816,803.811968,-518.028992,-281.649984,CLR,880.801024,33.443
2020-03-31,880.801024,33.443,-29.619,-186.784,-27.567,-27.567,6797.25824,663.817984,-706.739008,521.092,CLR,176.318,-262.776
2011-03-31,1442.161024,294.02,250.754,192.148992,191.939056,191.939056,3121.348952,435.244,-253.008,-87.335,CNX,1563.006976,270.028992
2011-06-30,1563.006976,270.028992,230.352992,77.384,161.857248,161.857248,3214.048856,360.239008,-321.083008,-140.332,CNX,1499.798016,252.62
2011-09-30,1499.798016,252.62,215.667008,167.328992,177.238256,177.238256,3426.742912,456.920992,342.779008,-353.696,CNX,1458.656,212.499008
2011-12-31,1458.656,212.499008,237.67,195.635008,195.635008,195.635008,3610.88512,275.201984,-347.212,-24.777,CNX,1426.770048,176.696992
2012-03-31,1426.770048,176.696992,107.316,97.196,89.876352,89.876352,3774.112,229.486,-288.084992,-29.824,CNX,1248.948992,94.789
2012-06-30,1248.948992,94.789,81.822,152.71,68.347552,68.347552,3870.311912,138.463008,-195.924,-29.645,CNX,1125.392,29.88
2012-09-30,1125.392,29.88,10.502,-11.473,15.84945,15.84945,3796.943936,162.214,-102.771,-28.692,CNX,821.664,5.5
2012-12-31,821.664,5.5,-41.686,107.58,-12.8997,-12.8997,3953.745,197.95,-413.630016,6.584,CNX,812.249984,24.336
2013-03-31,812.249984,24.336,-0.296,-3.724,-0.659,-0.659,3972.233856,268.280992,-231.542,-33.558,CNX,769.608,36.555
2013-06-30,769.608,36.555,-14.105,8.562,-25.1018,-25.1018,4025.059944,125.11,-233.584,155.35,CNX,762.659968,39.221
2013-09-30,762.659968,39.221,-11.517,-72.169,-77.104896,-77.104896,3957.17612,195.608992,-94.311,-152.152,CNX,776.204032,20.839
2013-12-31,776.204032,20.839,-0.411,146.595008,136.453104,136.453104,5006.288896,69.777,357.456,-120.877,CNX,910.430016,122.387
2014-03-31,910.430016,122.387,126.51,121.69,119.305152,119.305152,5092.286976,336.102016,-335.480992,-13.954,CNX,865.976,43.373
2014-06-30,865.976,43.373,49.139,-24.935,22.424,22.424,5059.657984,221.044992,-389.739008,2.0,CNX,836.302976,20.041
2014-09-30,836.302976,20.041,5.428,-1.645,3.85465,3.85465,5254.598912,293.024,-199.719008,-15.135,CNX,863.390976,96.444
2014-12-31,863.390976,96.444,84.707,73.666,76.921848,76.921848,5329.45792,86.609,-116.443,-18.74,CNX,693.982016,54.795
2015-03-31,693.982016,54.795,36.196,-165.287008,-160.729248,-160.729248,5297.726976,228.37,-319.903008,-80.138,CNX,531.511008,-46.208
2015-06-30,531.511008,-46.208,-58.027,-577.222976,-65.415548,-65.415548,4681.894912,65.845,-352.712,291.58,CNX,535.278016,20.43
2015-09-30,535.278016,20.43,10.347,129.312,-99.875952,-99.875952,4887.850016,110.068,-209.720992,172.640992,CNX,550.678976,17.161
2015-12-31,550.678976,17.161,1.152,45.342,-69.0338,-69.0338,4855.776,101.566,-113.881,1.874,CNX,521.244,-25.892
2016-03-31,521.244,-25.892,-27.626,-43.291,-15.25,-15.25,4739.088176,129.952,320.976,-96.856,CNX,526.411008,-45.556
2016-06-30,526.411008,-45.556,-59.348,-234.044,-60.701852,-60.701852,4271.429952,95.446,-29.016,-395.449984,CNX,538.427008,-44.179
2016-09-30,538.427008,-44.179,-59.103,62.568,-48.335556,-48.335556,4290.166976,472.224,11.878,-258.868992,CNX,294.676,5.516
2016-12-31,294.676,5.516,-22.061,-300.455008,-147.163472,-147.163472,3940.888128,77.62,266.087008,-370.155008,CNX,279.639008,15.889
2017-03-31,279.639008,15.889,-29.792,-91.007,-20.39295,-20.39295,3906.33888,211.795008,-87.642,-116.686,CNX,238.336992,-151.328992
2017-06-30,238.336992,-151.328992,-197.487008,121.807,-123.4068,-123.4068,4087.54696,88.677,184.167008,-35.075,CNX,265.496992,-8.502
2017-09-30,265.496992,-8.502,-40.16,-21.796,-40.5771,-40.5771,4071.23504,181.379008,-84.648,-107.108,CNX,354.374016,26.088
2017-12-31,354.374016,26.088,3.247,286.033984,220.829968,220.829968,3899.899008,166.836992,-233.799008,294.971008,CNX,432.940992,111.177
2018-03-31,432.940992,111.177,80.974,545.545984,-8.26714,-8.26714,5067.90592,259.34,-426.344,-259.672992,CNX,402.566016,117.321
2018-06-30,402.566016,117.321,60.357,61.394,63.723932,63.723932,5038.923136,191.588992,-212.516992,-6.716,CNX,378.041984,108.659
2018-09-30,378.041984,108.659,75.302,146.756,31.646924,31.646924,5048.818816,239.288992,54.026,-305.488992,CNX,468.387008,165.619008
2018-12-31,468.387008,165.619008,142.155008,129.415,128.495016,128.495016,5081.743168,195.604,-309.816992,88.739,CNX,429.228,128.382
2019-03-31,429.228,128.382,93.19,-64.651,36.120944,36.120944,4974.80896,308.652,-293.332,-8.546,CNX,813.017984,485.319008
2019-06-30,813.017984,485.319008,23.448,192.694,9.378663,9.378663,5099.995072,252.020992,-327.945984,84.564,CNX,351.156,76.398
2019-09-30,351.156,76.398,34.554,143.96,-1.34391925,-1.34391925,5221.818048,305.419008,-327.948,-4.598,CNX,412.208992,63.991
2019-12-31,412.208992,63.991,26.839,-240.055008,-38.824724,-38.824724,4962.309056,114.468,-198.212992,94.544,CNX,429.014016,144.076992
2020-03-31,429.014016,144.076992,89.896,-305.222016,198.63464,198.63464,4644.709888,267.387008,-138.074,-107.57,CNX,350.646016,92.007
2011-03-31,209.008992,37.89,20.523,12.886,13.816,13.816,1886.020032,91.213,-198.126,75.86,COG,241.599008,73.45
2011-06-30,241.599008,73.45,55.406,54.677,34.113,34.113,1966.19904,129.488,-151.752,36.682,COG,262.180992,61.443
2011-09-30,262.180992,61.443,42.926,28.482,26.133,26.133,2043.16992,154.664992,-237.0,105.949,COG,268.04,71.65
2011-12-31,268.04,71.65,53.915,26.363,10.148,10.148,2104.768,126.473,99.258,-258.748,COG,272.136,47.196
2012-03-31,272.136,47.196,30.279,18.318,18.645,18.645,2124.956032,131.78,-187.267008,57.904,COG,265.999008,10.718
2012-06-30,265.999008,10.718,-7.777,35.937,-5.287,-5.287,2131.32992,159.362,-93.433,-49.616,COG,297.023008,76.05
2012-09-30,297.023008,76.05,59.831,36.608,36.776,36.776,2100.28704,163.97,-260.246,85.136,COG,369.924,122.07
2012-12-31,369.924,122.07,105.408,40.867,50.984,50.984,2131.446912,196.980992,-224.568,20.822,COG,373.284992,87.11
2013-03-31,373.284992,87.11,70.855,42.824,42.882,42.882,2123.213952,212.684992,-260.932992,37.969,COG,449.68,164.46
2013-06-30,449.68,164.46,147.759008,89.114,88.948,88.948,2286.24096,277.281984,-266.467008,16.005,COG,435.849984,127.111
2013-09-30,435.849984,127.111,111.315,69.889,67.219,67.219,2328.734016,276.708992,-309.577984,13.524,COG,487.463008,150.448
2013-12-31,487.463008,150.448,134.258,77.946,67.876,67.876,2204.601984,257.85,-81.229,-181.152992,COG,509.803008,195.772
2014-03-31,509.803008,195.772,179.215008,107.031,107.806,107.806,2268.79104,255.378,-336.148,82.801,COG,533.187008,214.478
2014-06-30,533.187008,214.478,198.144,118.42,120.834848,120.834848,2401.938944,329.569984,-276.356,-33.035,COG,512.016992,118.389
2014-09-30,512.016992,118.389,100.967,100.788,54.0211,54.0211,2366.470976,358.302016,-364.84,270.915008,COG,618.003968,112.145
2014-12-31,618.003968,112.145,88.674,-221.771008,155.040704,155.040704,2142.732928,293.184992,-687.496,105.278,COG,464.764992,95.425152
2015-03-31,464.764992,95.425152,71.859152,40.255,40.981,40.981,2175.531008,267.380992,-397.239008,122.852,COG,306.296992,-11.996308
2015-06-30,306.296992,-11.996308,-36.164308,-27.508,-22.98165,-22.98165,2145.916032,171.21,-271.264992,101.338,COG,305.296,-4.78
2015-09-30,305.296,-4.78,-1.557,-15.514,-0.33,-0.33,2121.73696,146.363008,-181.064992,28.244,COG,280.792,-42.848
2015-12-31,280.792,-42.848,-19.07,-111.124,-7.748066,-7.748066,2009.187968,164.644,-143.764992,-29.138,COG,281.940992,-72.749
2016-03-31,281.940992,-72.749,-97.124,-51.194,-62.117332,-62.117332,2944.060032,67.112,-54.061,565.750976,COG,246.816,-69.504
2016-06-30,246.816,-69.504,-53.28,-62.91,-34.831144,-34.831144,2877.598976,90.2,-73.681,-78.345,COG,310.428992,2.909
2016-09-30,310.428992,2.909,-33.579,-10.26,-20.001648,-20.001648,2863.250048,100.393,-92.399,-24.291,COG,316.491008,-6.367
2016-12-31,316.491008,-6.367,5.494,-292.76,3.24977125,3.24977125,2567.666944,139.736,-133.077,-9.31,COG,517.843008,190.343008
2017-03-31,517.843008,190.343008,134.24,105.72,83.8516,83.8516,2707.179008,269.377984,-215.752,-14.683,COG,460.456992,127.398
2017-06-30,460.456992,127.398,94.493,21.527,57.690692,57.690692,2642.03104,260.568,-189.732,-91.787,COG,385.416,50.2
2017-09-30,385.416,50.2,39.694,17.587,27.016396,27.016396,2644.594048,189.100992,-172.0,-23.379,COG,400.503008,69.416
2017-12-31,400.503008,69.416,82.884,-44.441,54.49628,54.49628,2523.905024,179.112992,-128.669,-80.653,COG,473.227008,218.092992
2018-03-31,473.227008,218.092992,166.212992,117.231,124.373192,124.373192,2406.515968,272.76,454.870016,-242.748992,COG,453.447008,77.513
2018-06-30,453.447008,77.513,63.554,42.431,49.29026,49.29026,2154.174016,273.9,-258.178,-239.656,COG,545.172992,150.396
2018-09-30,545.172992,150.396,139.586,122.337,105.393888,105.393888,2094.146976,242.192,-241.536,-425.572992,COG,716.300992,342.153984
2018-12-31,716.300992,342.153984,259.076992,275.044,224.223248,224.223248,2088.159008,316.051008,-248.539008,-381.302016,COG,641.681024,354.459008
2019-03-31,641.681024,354.459008,386.856992,262.763008,298.43136,298.43136,2320.939008,585.286976,-195.132,-77.553,COG,534.116992,252.928992
2019-06-30,534.116992,252.928992,189.967008,181.008992,145.413632,145.413632,2344.803936,326.649984,-228.395008,-171.75,COG,429.111008,130.139
2019-09-30,429.111008,130.139,151.936992,90.358,118.02688,118.02688,2213.575936,270.873984,-202.088992,-227.863008,COG,461.368,155.795008
2019-12-31,461.368,155.795008,166.678,146.94,115.494864,115.494864,2151.486944,262.98,81.701,-213.214,COG,386.456992,86.33
2020-03-31,386.456992,86.33,55.991,53.91,41.4781,41.4781,2168.394976,204.896992,-158.112992,-46.13,COG,332.348,53.957
2011-03-31,54174.998528,5224.999936,6106.999808,3041.999872,3236.549888,3236.549888,70521.000768,1947.000064,-2211.000064,-3060.999936,COP,16890.000384,4365.076992
2011-06-30,16890.000384,4365.076992,4567.076864,2300.0,2313.250048,2313.250048,70578.001856,6273.999872,-2683.000064,-4235.000064,COP,16257.000448,3701.076992
2011-09-30,16257.000448,3701.076992,3865.076992,1495.000064,1869.049984,1869.049984,66326.002176,5613.000192,-3244.999936,-4321.999872,COP,15246.000128,3605.846272
2011-12-31,15246.000128,3605.846272,4202.538496,1280.0,2363.099904,2363.099904,65749.001088,5811.999744,1124.0,-4687.000064,COP,14995.999744,3239.769344
2012-03-31,14995.999744,3239.769344,3585.769216,2179.000064,1774.4,1774.4,67043.00064,4182.000128,-3009.999872,-3270.000128,COP,13400.999936,3287.461632
2012-06-30,13400.999936,3287.461632,3597.461504,1720.0,1470.749952,1470.749952,46443.000384,2350.000128,-2915.000064,-2080.999936,COP,14357.999616,3289.923072
2012-09-30,14357.999616,3289.923072,3645.53856,1740.0,1694.150016,1694.150016,47877.000128,3520.0,-2772.999936,-532.0,COP,15502.999552,3114.307584
2012-12-31,15502.999552,3114.307584,3700.307712,1842.0,1743.299968,1743.299968,48426.99904,3870.000128,-2928.999936,1402.0,COP,14373.999616,3527.000064
2013-03-31,14373.999616,3527.000064,3774.000128,2024.0,1781.250048,1781.250048,49239.998272,4729.999872,-2432.999936,-330.0,COP,13324.99968,2692.999936
2013-06-30,13324.99968,2692.999936,3222.000128,2066.0,1737.650048,1737.650048,48931.99872,3740.999936,-3415.000064,-1844.999936,COP,13582.000128,2972.153856
2013-09-30,13582.000128,2972.153856,3513.153792,2439.000064,1789.149952,1789.149952,51536.998912,3704.999936,-2718.000128,-1084.999936,COP,13292.000256,2510.38464
2013-12-31,13292.000256,2510.38464,3056.384512,1508.0,1761.250048,1761.250048,52492.001408,3911.000064,2315.000064,-3872.999936,COP,15178.000384,3426.692352
2014-03-31,15178.000384,3426.692352,3860.692224,2116.999936,2208.75008,2208.75008,53621.001152,6336.0,-3697.999872,-1354.0,COP,13637.000192,2621.076992
2014-06-30,13637.000192,2621.076992,3204.0768,2064.999936,1979.6,1979.6,55686.00032,3551.000064,-4193.999872,-789.0,COP,12264.999936,1825.461504
2014-09-30,12264.999936,1825.461504,2521.461504,1648.999936,1686.300032,1686.300032,55660.998336,3871.000064,-3502.000128,-973.0,COP,10920.999936,570.61536
2014-12-31,10920.999936,570.61536,1045.61536,-24.0,709.500032,709.500032,52272.99904,2811.000064,-3571.000064,542.0,COP,7731.999744,-203.0
2015-03-31,7731.999744,-203.0,-275.0,286.0,-236.95,-236.95,49007.998208,2068.0,-3313.999872,-1019.0,COP,8248.999936,265.84616
2015-06-30,8248.999936,265.84616,217.84616,-164.0,57.6,57.6,48969.001792,1974.0,-2465.999872,1555.000064,COP,7173.000192,-645.0
2015-09-30,7173.000192,-645.0,-725.0,-1056.0,-438.150016,-438.150016,44554.999872,1934.0,-2248.999936,-990.0,COP,6178.999808,-1248.999936
2015-12-31,6178.999808,-1248.999936,-1538.0,-3436.999936,-796.849984,-796.849984,40081.997824,1596.0,-626.0,-975.0,COP,5123.999744,-1334.0
2016-03-31,5123.999744,-1334.0,-1772.999936,-1456.0,-1128.950016,-1128.950016,39407.001472,421.0,-2064.999936,4136.999936,COP,5511.000064,-1110.0
2016-06-30,5511.000064,-1110.0,-1335.000064,-1058.0,-910.946752,-910.946752,37831.001536,1259.000064,-2122.0,-1120.0,COP,6403.999744,-783.0
2016-09-30,6403.999744,-783.0,-1152.999936,-1026.0,-814.300032,-814.300032,36456.000384,1280.0,275.0,-347.0,COP,6654.000128,-612.0
2016-12-31,6654.000128,-612.0,-497.0,-19.0,-515.0,-515.0,35226.002176,1443.000064,53.0,-1906.0,COP,7466.999808,295.0
2017-03-31,7466.999808,295.0,37.0,599.0,-200.4,-200.4,35600.999936,1790.0,-974.0,-1344.0,COP,6728.999936,546.0
2017-06-30,6728.999936,546.0,308.0,-3425.999872,165.0,165.0,30499.001152,1751.000064,7197.000192,-4599.000064,COP,6671.000064,542.0
2017-09-30,6671.000064,542.0,508.0,436.0,198.65,198.65,30711.999744,1055.0,2008.0,-3827.000064,COP,8239.000064,488.076928
2017-12-31,8239.000064,488.076928,1148.076928,1598.0,554.802112,554.802112,30801.000576,2480.999936,-469.0,-2585.999872,COP,8755.00032,1971.000064
2018-03-31,8755.00032,1971.000064,1946.0,900.0,1114.669952,1114.669952,30718.00192,2399.000064,-78.0,-3776.0,COP,8504.0,1976.0
2018-06-30,8504.0,1976.0,2278.000128,1654.0,1351.000064,1351.000064,31221.998848,3342.000128,-1948.999936,-3003.000064,COP,9448.999936,2263.000064
2018-09-30,9448.999936,2263.000064,2652.0,1872.999936,1610.0,1610.0,32079.000128,3409.999872,-1638.0,-1263.000064,COP,9665.999872,2047.000064
2018-12-31,9665.999872,2047.000064,1551.36704,1878.0,1312.950016,1312.950016,32064.00032,3783.000064,-178.0,-1316.999936,COP,9150.000128,1800.999936
2019-03-31,9150.000128,1800.999936,2015.000064,1846.0,1134.569984,1134.569984,32981.001856,2894.000128,-1476.999936,-1172.999936,COP,7952.999936,1906.0
2019-06-30,7952.999936,1906.0,1951.000064,1596.999936,1143.000064,1143.000064,33074.0,2891.000064,-1460.999936,-1654.0,COP,7756.000256,1528.999936
2019-09-30,7756.000256,1528.999936,1664.999936,3071.000064,953.0,953.0,35238.998336,2336.999936,150.0,-1132.0,COP,7708.000256,1708.0
2019-12-31,7708.000256,1708.0,1599.000064,743.0,831.0,831.0,35050.00224,2982.000128,-3830.000128,-1270.0,COP,6158.000128,694.0
2020-03-31,6158.000128,694.0,832.0,-1711.000064,486.0,486.0,31387.001344,2104.999936,-1932.0,-1230.0,COP,2748.999936,-1188.0
2011-03-31,25.449,5.789,2.166,4.164,2.92835,2.92835,92.42,13.457,-15.114,38.703,CPE,36.834,14.201
2011-06-30,36.834,14.201,11.869,19.877,17.44145,17.44145,118.0,17.501,-19.965,0.0,CPE,33.55,10.524
2011-09-30,33.55,10.524,7.99,8.406,8.27275,8.27275,135.497008,26.971,-30.755,0.0,CPE,31.811,9.108
2011-12-31,31.811,9.108,6.965,73.949,72.992848,72.992848,201.202,21.238,-25.677,0.0,CPE,29.294,2.716
2012-03-31,29.294,2.716,0.444,0.488,0.4425,0.4425,198.751016,10.35,-44.217,-0.002,CPE,25.36,2.759
2012-06-30,25.36,2.759,0.532,3.799,0.63285,0.63285,207.222,17.091,-26.679,-0.225,CPE,27.402,2.563
2012-09-30,27.402,2.563,0.191,-1.105,-0.0663,-0.0663,205.461984,13.944,-42.556,29.984,CPE,28.711,3.863
2012-12-31,28.711,3.863,1.705,-0.435,0.52115,0.52115,205.970984,9.905,19.749,-30.0,CPE,23.163,1.52
2013-03-31,23.163,1.52,0.05,-0.8,-0.124,-0.124,206.196008,12.875,-29.635,17.0,CPE,23.453,1.65
2013-06-30,23.453,1.65,0.157,0.758,-0.079,-0.759,276.534984,7.362,-37.745,42.41,CPE,30.163,5.711
2013-09-30,30.163,5.711,4.573,1.082,3.066,1.092,276.612008,14.977,-42.485,14.971,CPE,27.161,4.861
2013-12-31,27.161,4.861,3.353,3.264,1.924,-0.049,279.093984,19.115,30.061,-47.033,CPE,32.41,5.883
2014-03-31,32.41,5.883,5.83,1.863,3.001,1.027,280.58,19.967,-63.534,42.297,CPE,38.856,10.564
2014-06-30,38.856,10.564,8.832,4.74,4.7171,2.7441,282.588984,15.63,-61.418,45.218,CPE,39.195,11.2
2014-09-30,39.195,11.2,9.056,12.201,5.502,3.528,415.750992,22.1,-72.479,56.4,CPE,45.487,14.297
2014-12-31,45.487,14.297,9.844,18.962,6.3088,4.3348,433.734992,36.69,-255.07,212.155008,CPE,40.734,5.877
2015-03-31,40.734,5.877,1.063,-10.197,0.42215,-1.55185,487.551,6.124,-70.508,65.56,CPE,44.207,11.426
2015-06-30,44.207,11.426,6.361,-4.967,3.773,1.8,480.175992,7.424,-60.013,36.039,CPE,44.105,13.277
2015-09-30,44.105,13.277,7.766,-111.805,5.05105,3.07705,367.081,41.981,-47.679,22.026,CPE,43.481,11.971
2015-12-31,43.481,11.971,6.448,-113.17,4.60655,2.63255,362.758024,31.323,-80.96,48.939,CPE,38.414,7.994
2016-03-31,38.414,7.994,2.536,-41.109,-12.692,-14.516,415.545992,16.12,-60.958,53.125,CPE,49.162,16.409
2016-06-30,49.162,16.409,12.325,-70.097,-16.5221,-18.3451,658.317,21.376,-274.715008,244.035008,CPE,60.018,21.198
2016-09-30,60.018,21.198,20.489,21.139,12.8494,11.0254,1100.718952,12.393,-66.159,379.444,CPE,71.16,24.51
2016-12-31,71.16,24.51,23.479,-1.746,15.17795,13.35395,1733.402024,70.885,-464.455008,720.678016,CPE,78.872,30.208
2017-03-31,78.872,30.208,30.251,47.129,22.7365,20.9125,1780.033064,52.684,-668.500992,-1.903,CPE,82.016,25.849
2017-06-30,82.016,25.849,25.324,33.39,16.74345,14.91945,1815.896968,43.128,-137.94,198.688,CPE,83.4,30.417
2017-09-30,83.4,30.417,30.471,17.081,19.56625,17.74225,1832.864968,53.893,-129.143,-2.29,CPE,113.713,49.414
2017-12-31,113.713,49.414,-3.077,22.824,31.3902,29.5672,1855.96596,80.186,-136.948,23.148,CPE,118.981,53.075
2018-03-31,118.981,53.075,52.826,55.761,41.29792,39.47392,1911.14404,92.215,-149.352992,47.616,CPE,129.095,61.187
2018-06-30,129.095,61.187,61.296,50.474,48.079928,46.255928,2249.608128,107.764,-218.932,601.841024,CPE,151.975008,65.007
2018-09-30,151.975008,65.007,65.953,37.931,50.570252,48.747252,2288.30804,116.036,-674.724992,61.672,CPE,160.300992,58.072
2018-12-31,160.300992,58.072,268.686016,156.194,254.635936,252.811936,2445.20796,151.639008,-281.047008,133.33,CPE,153.047008,43.049
2019-03-31,153.047008,43.049,42.278,-19.543,33.363446,31.539446,2428.445,74.559,-207.279008,127.151,CPE,165.895008,57.373
2019-06-30,165.895008,57.373,56.699,55.18,43.193792,41.370792,2483.87188,150.487008,82.775,-227.692,CPE,156.388992,59.485
2019-09-30,156.388992,59.485,58.868,55.834,42.903368,34.249368,2468.652016,113.692,-139.756992,21.322,CPE,192.742,83.321
2019-12-31,192.742,83.321,82.83,-23.543,55.86456,55.86456,3223.308056,137.578,-124.128,-11.418,CPE,289.919008,63.69
2020-03-31,289.919008,63.69,69.6,216.564992,49.864788,49.864788,3442.90288,191.695008,-254.366,64.13,CPE,157.234,-77.091
2014-09-30,1092.0,319.0,319.0,188.0,188.0,188.0,4869.000192,0.0,0.0,0.0,CRC,820.0,172.0
2014-12-31,820.0,172.0,2.0,-2091.000064,199.6,199.6,2611.000064,480.0,-674.0,-5896.999936,CRC,577.0,-90.0
2015-03-31,577.0,-90.0,-172.0,-100.0,-101.95,-101.95,2516.0,115.0,-313.0,212.0,CRC,634.0,-20.0
2015-06-30,634.0,-20.0,-86.0,-68.0,-50.45,-50.45,2454.999808,117.0,-127.0,19.0,CRC,626.0,-7.0
2015-09-30,626.0,-7.0,-142.0,-104.0,-96.2,-96.2,2355.000064,180.0,-102.0,-111.0,CRC,566.0,68.0
2015-12-31,566.0,68.0,-127.0,-3281.999872,-52.442184,-52.442184,-915.999744,-9.0,-215.0,232.0,CRC,322.0,-33.0
2016-03-31,322.0,-33.0,-115.0,-50.0,-100.0,-100.0,-952.0,115.0,-29.0,-88.0,CRC,454.0,46.0
2016-06-30,454.0,46.0,-72.0,-140.0,-72.0,-72.0,-1044.99968,-71.0,11.0,52.0,CRC,481.0,12.0
2016-09-30,481.0,12.0,-83.0,546.0,-83.0,-83.0,-493.000192,101.0,-13.0,-80.0,CRC,452.0,-28.0
2016-12-31,452.0,-28.0,-74.0,-77.0,-74.0,-74.0,-556.99968,-15.0,-30.0,47.0,CRC,590.0,121.153848
2017-03-31,590.0,121.153848,-82.230768,52.0,-43.0,-44.0,-447.000064,133.0,0.0,-95.0,CRC,481.0,6.0
2017-06-30,481.0,6.0,-82.0,-47.0,-83.0,-83.0,-490.999808,-13.0,-74.0,46.0,CRC,518.0,29.538462
2017-09-30,518.0,29.538462,-57.46154,-132.0,-60.0,-60.0,-574.00032,105.0,-100.0,14.0,CRC,574.0,89.0
2017-12-31,574.0,89.0,-11.0,-135.0,-14.35,-14.35,-720.000128,23.0,-139.0,108.0,CRC,609.0,111.797472
2018-03-31,609.0,111.797472,21.658228,9.0,8.0,8.0,69.99968,200.0,-138.0,412.0,CRC,648.0,112.531648
2018-06-30,648.0,112.531648,13.531646,-63.0,-6.0,-6.0,89.999808,34.0,-669.0,183.0,CRC,803.0,160.0
2018-09-30,803.0,160.0,58.0,91.0,33.0,33.0,139.999808,159.0,-158.0,-12.0,CRC,768.0,156.0
2018-12-31,768.0,156.0,72.0,392.0,26.0,26.0,509.000064,68.0,-191.0,109.0,CRC,793.0,165.063296
2019-03-31,793.0,165.063296,58.063292,-44.0,31.0,31.0,477.000128,158.0,-182.0,50.0,CRC,646.0,117.0
2019-06-30,646.0,117.0,16.0,41.0,-13.0,-13.0,498.0,114.0,12.0,-142.0,CRC,684.0,151.0
2019-09-30,684.0,151.0,51.0,127.0,18.0,18.0,580.999744,268.0,-121.0,-152.0,CRC,681.0,241.354432
2019-12-31,681.0,241.354432,97.354432,-25.0,36.0,36.0,506.00032,136.0,-103.0,-38.0,CRC,573.0,149.848096
2020-03-31,573.0,149.848096,48.8481,-1744.999936,-8.0,-8.0,-1279.000064,228.0,-12.0,-156.0,CRC,276.0,-112.0
2011-03-31,88.038,-8.154,-17.028,2.404,-10.637,-10.637,1079.408,50.927,-124.399,75.936,CRK,112.451,8.352
2011-06-30,112.451,8.352,-1.975,3.949,-1.5679,-1.5679,1077.284992,66.975,-162.49,94.875,CRK,119.422,12.06
2011-09-30,119.422,12.06,2.259,1.309,-0.3079,-0.3079,1063.132992,99.647,-153.659008,55.0,CRK,114.456,7.3
2011-12-31,114.456,7.3,-4.496,-41.134,-3.534,-3.534,1037.624992,67.355,-511.537984,448.099008,CRK,102.418,-9.464
2012-03-31,102.418,-9.464,-21.528,1.417,-13.6296,-13.6296,1027.357024,133.18,-146.423008,8.533,CRK,93.048,-23.857
2012-06-30,93.048,-23.857,-36.925,16.71,-15.70805,-15.70805,1041.292992,10.821,-18.137,9.174,CRK,100.434,-22.744
2012-09-30,100.434,-22.744,-38.118,-44.212,-35.1731,-35.1731,1011.313984,81.697,-99.559,14.823,CRK,98.68,-77.7
2012-12-31,98.68,-77.7,-99.264,-76.994,-65.9973,-65.9973,933.534016,36.531,-119.601,84.972,CRK,97.34,-18.536
2013-03-31,97.34,-18.536,-35.869,-24.517,-23.9385,-23.9385,901.881984,97.352,-101.66,6.681,CRK,110.701,-14.552
2013-06-30,110.701,-14.552,-36.477,-21.531,-23.4485,-23.4485,1028.380992,10.66,704.889984,-458.656992,CRK,108.03,-10.481
2013-09-30,108.03,-10.481,-30.588,-24.034,-20.134,-20.134,992.239008,97.55,-117.704,-15.23,CRK,106.512,-23.785
2013-12-31,106.512,-23.785,-39.484,-36.641,-25.9017,-25.9017,952.004992,55.717,-172.168992,-108.934,CRK,140.563008,18.882
2014-03-31,140.563008,18.882,5.453,1.165,3.505,3.505,946.006016,95.741,-237.46,140.523008,CRK,151.672992,23.679
2014-06-30,151.672992,23.679,8.951,1.898,5.668,5.668,944.733984,109.554,-124.891,17.379,CRK,144.615008,-0.09
2014-09-30,144.615008,-0.09,9.287,-1.903,5.689,5.689,939.626016,123.688,-140.011008,18.943,CRK,127.463,1.253
2014-12-31,127.463,1.253,-13.805,-55.067,-9.1281,-9.1281,870.272,72.001,-132.425,56.062,CRK,66.522,-94.725
2015-03-31,66.522,-94.725,-115.192,-78.502,-75.240048,-75.240048,791.626016,60.858,-141.027008,306.993984,CRK,77.312,-68.371
2015-06-30,77.312,-68.371,-101.822,-135.068,-66.1784,-66.1784,658.255008,-36.62,-56.236,-5.826,CRK,61.36,-51.26
2015-09-30,61.36,-51.26,-82.617,-544.995968,-51.971,-51.971,115.298016,-0.762,67.041,-32.653,CRK,47.228,-35.577
2015-12-31,47.228,-35.577,-20.079,-288.543008,-14.46835,-14.46835,-171.258048,6.61,-31.503,-4.941,CRK,36.163,-26.712
2016-03-31,36.163,-26.712,-55.419,-56.577,-58.7233,-58.7233,-220.219008,-31.039,-13.317,-0.327,CRK,40.715,-19.317
2016-06-30,40.715,-19.317,-47.909,4.852,-29.49985,-29.49985,-207.267008,-0.165,-18.27,-3.476,CRK,50.33,-85.48
2016-09-30,50.33,-85.48,-116.532,-28.476,-85.176152,-85.176152,-220.022976,-23.514,-7.488,-9.826,CRK,48.498,-3.032
2016-12-31,48.498,-3.032,-41.62,-54.933,-48.519448,-48.519448,-271.268992,30.99,9.506,-1.176,CRK,53.801,2.381
2017-03-31,53.801,2.381,-30.396,-22.931,-28.066,-28.066,-285.416,3.207,-38.401,-0.27,CRK,61.471,10.47
2017-06-30,61.471,10.47,-26.22,-21.442,-24.88375,-24.88375,-305.307008,52.308,-47.428,0.001,CRK,66.811,12.226
2017-09-30,66.811,12.226,-21.743,-24.736,-22.7457,-22.7457,-328.443968,35.248,-45.136,-0.041,CRK,73.248,19.766
2017-12-31,73.248,19.766,-15.248,-42.296,-31.57725,-31.57725,-369.272,83.851,-47.988,0.0,CRK,72.593,23.478
2018-03-31,72.593,23.478,-15.306,-41.886,-21.34758,-21.34758,-409.921984,21.556,-46.458,14.635,CRK,61.449,14.237
2018-06-30,61.449,14.237,-25.649,-34.003,-27.30696,-27.30696,-442.420992,65.442,57.357,-15.409,CRK,102.711,42.711
2018-09-30,102.711,42.711,6.573,-3.042,0.9633,0.9633,521.111,2.346,-111.15,-17.794,CRK,153.498,81.393
2018-12-31,153.498,81.393,46.996,50.299,35.836472,35.836472,569.570992,98.693,-111.588,4.308,CRK,126.881,53.223
2019-03-31,126.881,53.223,23.196,13.575,17.83073,17.83073,583.793992,74.715,-88.494,19.91,CRK,128.116,43.647
2019-06-30,128.116,43.647,13.791,21.407,9.77978,9.77978,605.824,98.311,-80.808,-0.08,CRK,224.444,76.36
2019-09-30,224.444,76.36,31.2,6.791,23.03498,14.90698,1445.197976,109.78,-823.6,720.316032,CRK,289.248,101.681
2019-12-31,289.248,101.681,47.368,55.116,39.02528,24.73828,1522.604992,168.431008,-177.936992,-25.205,CRK,225.878,44.017
2020-03-31,225.878,44.017,36.936,42.028,29.00643,16.93443,1556.476032,150.119008,-143.49,-9.634,CRK,179.535008,3.911
2011-03-31,512.704,213.262,167.534,-14.19,103.908,103.908,4381.364992,124.832,-285.043008,-93.801,DEN,585.500032,281.540608
2011-06-30,585.500032,281.540608,242.228608,259.246,146.728,146.728,4648.313856,398.520992,-347.796992,-56.789,DEN,576.633984,270.912
2011-09-30,576.633984,270.912,237.736,275.670016,148.208,148.208,4935.772032,315.739008,-525.412,112.244,DEN,619.401024,300.492
2011-12-31,619.401024,300.492,269.792,52.607,170.35992,170.35992,4806.498048,365.721984,-447.705984,76.314,DEN,639.105984,282.911008
2012-03-31,639.105984,282.911008,240.696992,113.467,153.367248,153.367248,4928.442112,291.654016,-288.883008,55.902,DEN,604.723968,261.006
2012-06-30,604.723968,261.006,215.288992,211.864992,129.537056,129.537056,5153.196928,440.966016,-560.340992,70.122,DEN,601.585024,240.051008
2012-09-30,601.585024,240.051008,207.279008,85.367,127.465,127.465,5219.219968,293.505984,-388.748,91.163,DEN,608.785024,258.77
2012-12-31,608.785024,258.77,234.372,114.661,137.7324,137.7324,5114.889088,384.764992,-138.868992,-171.419008,DEN,580.211008,233.352992
2013-03-31,580.211008,233.352992,200.194,87.571,123.4,123.4,5145.880064,269.176,-320.646016,15.228,DEN,644.750016,202.212
2013-06-30,644.750016,202.212,166.54,129.98,102.449032,102.449032,5270.786048,437.568,-344.927008,-79.045,DEN,672.88,263.831008
2013-09-30,672.88,263.831008,239.148992,102.054,151.121696,151.121696,5272.828032,305.464992,-286.129984,-68.652,DEN,595.681024,166.004992
2013-12-31,595.681024,166.004992,126.924,89.992,88.22492,88.22492,5301.405952,348.985984,-323.606016,-39.741,DEN,607.438016,184.3
2014-03-31,607.438016,184.3,142.603008,58.31,89.0,89.0,5147.908096,214.858,-236.754,17.601,DEN,618.678976,193.724
2014-06-30,618.678976,193.724,150.443008,-55.2,92.674,92.674,5087.945856,329.847008,-280.148,-45.545,DEN,608.468992,199.616992
2014-09-30,608.468992,199.616992,159.139008,268.748,96.897696,96.897696,5349.768832,340.392,-272.020992,-60.981,DEN,583.950976,182.72
2014-12-31,583.950976,182.72,142.012,363.632992,91.298856,91.298856,5703.856128,337.728,-287.832,-46.179,DEN,452.907008,76.274
2015-03-31,452.907008,76.274,39.382,-107.746,23.439,23.439,5583.481088,137.764,-192.578,37.682,DEN,498.193984,131.422
2015-06-30,498.193984,131.422,94.21,-1148.498944,46.905,46.905,4400.03392,288.956992,-143.934,-146.631008,DEN,460.208992,150.912
2015-09-30,460.208992,150.912,115.755,-2244.125952,98.874,98.874,2136.332032,272.676,-91.028,-173.848992,DEN,344.040992,43.886
2015-12-31,344.040992,43.886,-1.812,-885.076992,-17.178572,-17.178572,1248.912128,164.907008,-122.645,-51.662,DEN,266.302,27.995
2016-03-31,266.302,27.995,-14.951,-185.192992,-10.527861,-10.527861,1081.277952,2.029,-66.954,70.365,DEN,305.316,112.887
2016-06-30,305.316,112.887,43.999,-380.668,23.163878,23.163878,865.304064,60.915,-60.566,-6.056,DEN,238.888,16.997
2016-09-30,238.888,16.997,57.059,-24.59,-21.8919,-21.8919,847.343872,96.415,-6.487,-89.2,DEN,234.242,7.818
2016-12-31,234.242,7.818,-10.89,-385.726016,-0.7301719375,-0.7301719375,468.448,59.864,-71.41,9.879,DEN,244.626,14.252
2017-03-31,244.626,14.252,-9.038,21.53,53.53,53.53,493.758976,24.262,-67.413,43.476,DEN,245.668,22.84936
2017-06-30,245.668,22.84936,2.53736,14.399,0.871484,0.871484,514.198912,52.946,-152.882,102.368,DEN,265.708992,41.979
2017-09-30,265.708992,41.979,18.372,0.442,13.925,13.925,517.44704,65.651,-73.516,3.756,DEN,312.049984,99.592
2017-12-31,312.049984,99.592,74.473,126.781,51.6663,51.6663,648.164864,124.284,-63.003,-60.987,DEN,314.216,85.047
2018-03-31,314.216,85.047,71.141,39.578,53.2816,53.2816,690.218112,91.627,-51.376,-40.578,DEN,327.510016,95.466912
2018-06-30,327.510016,95.466912,81.061912,30.222,60.975668,60.975668,885.644928,153.999008,-94.252,-69.908,DEN,326.431008,87.074
2018-09-30,326.431008,87.074,74.498,78.419,54.996,54.996,963.183872,147.904,-82.6,0.679,DEN,310.847008,79.244
2018-12-31,310.847008,79.244,41.493,174.479008,26.36892,26.36892,1141.776896,136.155008,-116.544,-47.645,DEN,311.568,75.906
2019-03-31,311.568,75.906,58.205,-25.674,45.256,45.256,1119.319936,64.366,-91.801,-5.207,DEN,339.448992,107.248
2019-06-30,339.448992,107.248,86.813,146.692,49.670012,49.670012,1270.676096,148.634,-67.338,-81.064,DEN,315.692992,80.874
2019-09-30,315.692992,80.874,63.693,72.862,39.22968,39.22968,1346.119936,130.578,-55.439,-64.631,DEN,317.256,88.551
2019-12-31,317.256,88.551,67.317,23.079,46.00666,46.00666,1412.259072,150.564992,-55.114,-95.453,DEN,266.011008,17.83
2020-03-31,266.011008,17.83,-3.782,74.016,-30.98207,-30.98207,1489.444864,61.842,-16.288,-39.025,DEN,163.01,-18.362
2011-03-31,2416.999936,893.0,828.0,389.0,551.0,555.0,19229.000192,1260.0,-3374.000128,520.0,DVN,2868.0,1131.000064
2011-06-30,2868.0,1131.000064,993.0,184.0,676.849984,674.849984,21428.000256,1550.0,-425.0,498.0,DVN,2875.000064,1050.0
2011-09-30,2875.000064,1050.0,948.0,1040.0,656.449984,656.449984,21101.999872,1404.0,350.0,555.0,DVN,2840.999936,1034.0
2011-12-31,2840.999936,1034.0,878.0,521.0,575.6,575.6,21430.000896,2010.0,-2196.999936,118.0,DVN,2510.000128,721.0
2012-03-31,2510.000128,721.0,624.0,414.0,422.0,426.0,21956.001024,1026.0,-1810.0,1048.0,DVN,2160.999936,479.0
2012-06-30,2160.999936,479.0,336.0,477.0,218.0,212.0,22225.000192,1426.0,-962.0,-220.0,DVN,2403.000064,607.0
2012-09-30,2403.000064,607.0,505.0,-719.0,349.0,348.0,21781.00096,1360.999936,-2644.0,527.0,DVN,2604.0,595.0
2012-12-31,2604.0,595.0,493.0,-357.0,296.6,296.6,21278.00064,1143.000064,-2110.0,274.0,DVN,2376.999936,500.0
2013-03-31,2376.999936,500.0,395.0,-1339.000064,262.0,262.0,19708.000256,1002.0,-782.0,430.0,DVN,2736.0,797.0
2013-06-30,2736.0,797.0,694.0,683.0,491.649984,486.649984,20065.999616,1396.0,-1196.999936,-2088.999936,DVN,2848.0,889.0
2013-09-30,2848.0,889.0,795.0,429.0,527.150016,523.150016,20612.000256,1600.999936,-498.0,-171.0,DVN,2820.999936,808.0
2013-12-31,2820.999936,808.0,692.0,207.0,348.049984,348.049984,20498.999552,1436.999936,-1522.0,1850.0,DVN,3944.999936,934.0
2014-03-31,3944.999936,934.0,904.0,329.0,550.0,550.0,25045.999872,1410.0,-7281.999872,1844.0,DVN,4800.999936,1106.0
2014-06-30,4800.999936,1106.0,886.0,700.0,642.0,634.0,26058.999808,2048.999936,800.0,-3193.999872,DVN,4592.0,1032.0
2014-09-30,4592.0,1032.0,912.0,1041.0,552.0,541.0,26767.999232,1559.000064,560.0,-389.0,DVN,4294.000128,736.0
2014-12-31,4294.000128,736.0,-1106.0,-379.0,-777.299968,-774.300032,26341.000704,963.0,-2262.000128,-615.0,DVN,3564.0,264.0
2015-03-31,3564.0,264.0,130.0,-3588.999936,89.0,92.0,23018.999808,1648.0,-2116.0,892.0,DVN,4155.000064,566.0
2015-06-30,4155.000064,566.0,450.0,-2792.999936,319.350016,318.350016,20151.000064,1100.999936,-1447.000064,210.0,DVN,3804.0,610.0
2015-09-30,3804.0,610.0,686.0,-3908.999936,447.950016,446.950016,15922.000384,1552.999936,-1168.999936,-300.0,DVN,1622.0,-2540.0
2015-12-31,1622.0,-2540.0,-1104.0,-3353.999872,-745.299968,-746.300032,10989.000192,596.0,-1071.0,1010.0,DVN,2112.0,-220.0
2016-03-31,2112.0,-220.0,-405.0,-3468.0,-97.55,-97.55,10507.999744,165.0,-2359.000064,1492.999936,DVN,2599.000064,135.0
2016-06-30,2599.000064,135.0,92.0,-1563.000064,120.75,119.75,8919.000064,345.0,-335.0,90.0,DVN,2819.000064,365.0
2016-09-30,2819.000064,365.0,146.0,1007.0,2.8,-8.2,10060.99968,727.0,1290.0,-1346.0,DVN,2808.0,76.0
2016-12-31,2808.0,76.0,48.0,196.0,62.05,62.05,12721.999936,263.0,810.0,-1432.999936,DVN,3551.000064,243.0
2017-03-31,3551.000064,243.0,-105.0,317.0,73.0,70.0,10922.000256,746.0,-454.0,-124.0,DVN,2164.999936,275.0
2017-06-30,2164.999936,275.0,91.0,212.0,57.25,54.25,11330.000064,737.0,-587.0,92.0,DVN,1932.999936,63.0
2017-09-30,1932.999936,63.0,223.0,194.0,9.2,7.2,11934.000448,701.0,-384.0,156.0,DVN,2447.000064,188.692304
2017-12-31,2447.000064,188.692304,109.692304,44.0,48.0,46.0,14103.999744,725.0,-774.0,-115.0,DVN,2198.000128,161.0
2018-03-31,2198.000128,161.0,540.79744,-211.0,49.0,49.0,13724.99968,610.0,-610.0,-1252.0,DVN,2264.999936,309.0
2018-06-30,2264.999936,309.0,260.0,-496.0,95.15,94.15,12847.999744,699.0,-454.0,-364.0,DVN,2356.999936,271.0
2018-09-30,2356.999936,271.0,213.0,156.0,175.74,174.74,8897.999872,853.0,2422.000128,-1688.999936,DVN,2080.999936,223.0
2018-12-31,2080.999936,223.0,134.0,1378.0,62.65,53.65,9185.999872,542.0,-303.0,-898.0,DVN,1079.000064,-402.632896
2019-03-31,1079.000064,-402.632896,198.367088,-378.0,146.29,146.29,7856.999936,378.0,-249.0,-1220.999936,DVN,1806.0,432.65824
2019-06-30,1806.0,432.65824,359.65824,151.0,91.48,89.48,6993.999872,623.0,2064.999936,-227.0,DVN,1746.0,285.126592
2019-09-30,1746.0,285.126592,165.126576,136.0,121.9,120.9,6542.000128,501.0,-527.0,-2168.0,DVN,1588.999936,82.126584
2019-12-31,1588.999936,82.126584,160.126576,12.0,147.69,147.69,5919.999872,569.0,-368.0,-23.0,DVN,2087.000064,686.0
2020-03-31,2087.000064,686.0,50.0,-1690.0,22.0,21.0,4040.000064,398.0,-405.0,-87.0,DVN,394.0,-1187.000064
2011-03-31,46.772,31.342,31.184,12.896,11.239,11.239,209.925,13.795,-1.929,-0.491,EGY,58.547,42.512
2011-06-30,58.547,42.512,43.151,13.51,11.787,11.787,222.14,27.266,-5.507,0.099,EGY,37.35,19.819
2011-09-30,37.35,19.819,20.572,3.455,2.399,2.399,224.046992,13.281,-11.607,-3.566,EGY,67.767,43.863
2011-12-31,67.767,43.863,44.098,10.701,8.72,11.95375,233.067,35.243,-9.333,-1.346,EGY,45.286,30.106
2012-03-31,45.286,30.106,30.347,10.527,9.018,9.018,244.263,15.161,-10.372,-1.599,EGY,58.818,38.632
2012-06-30,58.818,38.632,39.046,12.317,10.424,10.424,257.389,12.857,-16.761,1.371,EGY,37.63,23.214
2012-09-30,37.63,23.214,23.223,1.412,5.059,5.059,257.154,16.785,-16.319,-1.998,EGY,53.553,2.261
2012-12-31,53.553,2.261,2.156,-18.917,-13.964,-18.917,212.525008,49.155,-28.385,-26.234,EGY,44.137,21.503
2013-03-31,44.137,21.503,21.434,7.188,7.188,7.188,221.254008,-8.969,-19.19,0.0,EGY,29.118,11.666
2013-06-30,29.118,11.666,11.68,7.121,7.121,7.121,227.869,-0.576,-22.153,-1.204,EGY,37.74,8.104
2013-09-30,37.74,8.104,8.048,2.386,2.386,2.386,221.875008,46.35,-15.674,-8.919,EGY,58.282,35.952
2013-12-31,58.282,35.952,36.025,26.377,26.375,26.377,250.874008,38.596,-10.927,2.396,EGY,28.071,-0.65
2014-03-31,28.071,-0.65,-0.912,-7.038,-7.038,-7.038,245.253008,-23.542,-24.544,-1.722,EGY,52.098,33.828
2014-06-30,52.098,33.828,33.72,24.712,24.712,24.712,271.228,64.102,-26.683,0.428,EGY,24.486,6.687
2014-09-30,24.486,6.687,6.87,3.109,3.109,3.109,278.102008,14.194,-16.812,17.548,EGY,23.037,4.071
2014-12-31,23.037,4.071,3.599,-98.332,0.009,0.009,180.463,-31.364,-33.359,0.276,EGY,18.239,-29.879
2015-03-31,18.239,-29.879,-30.241,-39.005,-35.495648,-35.495648,143.586,-0.601,-22.343,0.445,EGY,27.137,4.791
2015-06-30,27.137,4.791,4.89,-5.204,-1.42035,-1.42035,139.067,27.554,-13.065,0.007,EGY,17.546,-14.133
2015-09-30,17.546,-14.133,-12.973,-33.668,-21.9758,-21.9758,106.091,10.566,-30.913,0.0,EGY,17.523,-16.729
2015-12-31,17.523,-16.729,-18.142,-80.779,-22.384,-22.384,26.076,1.356,-16.689,-0.011,EGY,10.976,-13.515
2016-03-31,10.976,-13.515,-13.745,-15.43,-15.43,-15.43,18.831,-0.18,-1.021,0.0,EGY,18.847,4.615
2016-06-30,18.847,4.615,3.081,-0.498,-0.1223,-0.1223,19.327,1.809,-12.207,-0.077,EGY,14.635,3.031
2016-09-30,14.635,3.031,2.749,0.184,0.42255,0.42255,3.209,13.971,14.883,-0.016,EGY,15.326,0.837
2016-12-31,15.326,0.837,-0.034,-3.355,-2.73295,-2.73295,-0.358,-3.416,-2.942,-0.051,EGY,21.266,8.211
2017-03-31,21.266,8.211,7.872,4.435,4.59295,4.59295,4.076,4.098,-0.768,0.455,EGY,20.425,5.587
2017-06-30,20.425,5.587,5.417,2.451,2.3665,2.3665,6.925,-1.525,0.05,-2.083,EGY,18.178,3.721
2017-09-30,18.178,3.721,3.522,-0.148,0.45065,0.45065,6.719,0.659,-0.268,-2.092,EGY,17.156,2.495
2017-12-31,17.156,2.495,4.934,3.534,2.17365,2.17365,10.289,5.725,-0.513,-2.095,EGY,27.645,13.014
2018-03-31,27.645,13.014,12.729,8.711,8.69204,8.69204,19.097,15.067,-0.423,-2.083,EGY,24.426,5.409
2018-06-30,24.426,5.409,5.154,0.887,1.42815,1.42815,20.483,15.589,-0.553,-6.638,EGY,25.266,14.001
2018-09-30,25.266,14.001,14.109,78.626,76.814528,76.814528,99.295,5.384,-12.229,0.066,EGY,27.606,11.848
2018-12-31,27.606,11.848,12.908,10.504,3.43982,3.43982,109.827,1.136,-0.922,-0.025,EGY,19.765,5.583
2019-03-31,19.765,5.583,5.532,0.83,2.36971,2.36971,116.298,13.485,-0.788,-0.058,EGY,25.23,6.37
2019-06-30,25.23,6.37,6.858,-0.871,-2.03941,-2.03941,115.672,3.096,-0.375,-0.187,EGY,17.603,1.501
2019-09-30,17.603,1.501,1.556,-3.858,-5.64893,-5.64893,109.887,12.47,-2.219,-2.047,EGY,21.923,7.397
2019-12-31,21.923,7.397,8.015,1.051,3.19664,3.19664,109.72,-2.579,-6.966,-1.363,EGY,18.389,3.942
2020-03-31,18.389,3.942,4.745,-52.737,-33.77384,-33.77384,56.413,27.627,-11.98,-0.652,EGY,17.974,-0.966
2011-03-31,1917.04704,340.392,293.663008,133.973,177.01,177.01,11788.37888,957.488,-1427.746944,1349.810944,EOG,2223.205888,553.209024
2011-06-30,2223.205888,553.209024,508.18,295.574016,299.246016,299.246016,12077.184768,1111.751936,-1167.330944,-35.008,EOG,2373.092096,469.377984
2011-09-30,2373.092096,469.377984,418.568992,540.878016,223.243008,223.243008,12493.84832,1272.283008,-1411.453952,-44.851,EOG,2674.509056,703.692992
2011-12-31,2674.509056,703.692992,648.374592,120.698,309.0,309.0,12640.904448,1236.88704,-1748.409984,-261.412992,EOG,2738.575872,585.697024
2012-03-31,2738.575872,585.697024,546.059008,324.008992,317.457984,317.457984,12991.842816,1077.604992,-1375.320064,-26.885,EOG,2780.75904,566.12672
2012-06-30,2780.75904,566.12672,520.026688,395.777984,312.440992,312.440992,13355.140864,1495.613056,-1479.236992,-29.862,EOG,3131.973888,782.865984
2012-09-30,3131.973888,782.865984,737.308032,355.491008,468.673984,468.673984,13793.470208,1436.371968,-1823.782016,1217.581952,EOG,3156.40192,787.025984
2012-12-31,3156.40192,787.025984,719.265024,-504.999008,437.028992,437.028992,13284.763648,1227.186944,-1440.924032,-21.084,EOG,3364.286976,840.846976
2013-03-31,3364.286976,840.846976,768.792,494.724992,489.859008,489.859008,13756.308736,1424.93504,-1159.739008,-38.722,EOG,3704.451072,959.391552
2013-06-30,3704.451072,959.391552,902.577536,659.692032,573.830976,573.830976,14384.62592,1890.77696,-1726.891008,-39.321,EOG,3805.964032,1038.063168
2013-09-30,3805.964032,1038.063168,989.849152,462.497984,634.307008,634.307008,14861.580032,2012.472064,-1876.71296,-49.229,EOG,3697.561088,928.862016
2013-12-31,3697.561088,928.862016,867.619968,580.193984,548.060992,548.060992,15418.459392,2001.229952,-1551.435008,-446.654016,EOG,4193.875968,1249.957888
2014-03-31,4193.875968,1249.957888,1196.46784,660.928,767.686976,767.686976,16033.314304,2267.673088,-1823.559936,-90.014,EOG,4326.10304,1283.277056
2014-06-30,4326.10304,1283.277056,1239.36,706.353024,796.049024,796.049024,16708.388096,1934.574976,-2289.004032,-84.184,EOG,4521.107968,1188.653952
2014-09-30,4521.107968,1188.653952,1117.612032,1103.618048,720.616,720.616,17719.897856,2336.468992,-2018.55296,-69.865,EOG,3686.396928,803.188992
2014-12-31,3686.396928,803.188992,725.129984,444.588,262.987056,262.987056,17712.581632,2110.438016,-1382.448,-83.671,EOG,2608.43008,186.332992
2015-03-31,2608.43008,186.332992,122.997,-169.748,61.9544,61.9544,17470.497792,960.547008,-1804.221952,892.572032,EOG,2717.19296,364.142016
2015-06-30,2717.19296,364.142016,313.038016,5.268,197.592352,197.592352,17427.243008,887.372992,-1062.96,-585.499008,EOG,2244.252928,61.975
2015-09-30,2244.252928,61.975,10.011,-4075.73888,13.512,13.512,13284.22272,1131.431936,-1678.215936,-76.37,EOG,1864.540032,-148.135008
2015-12-31,1864.540032,-148.135008,-217.208,-284.296,-149.508,-149.508,12943.035392,615.812992,-774.857984,140.218,EOG,1357.453952,-612.644992
2016-03-31,1357.453952,-612.644992,-685.472,-471.776,-455.42,-455.42,12405.487872,291.591008,-568.752,226.064,EOG,1820.828032,-223.422
2016-06-30,1820.828032,-223.422,-315.526016,-292.558016,-209.724992,-209.724992,12056.700672,503.145984,-312.375008,-89.817,EOG,1980.112,-226.167008
2016-09-30,1980.112,-226.167008,-304.936992,-190.0,-220.806,-220.806,11798.312448,759.580992,-382.484,-108.083,EOG,2363.791872,76.278
2016-12-31,2363.791872,76.278,-12.245,-142.352,-6.691,-6.691,13981.5808,804.745024,10.667,-270.886016,EOG,2567.215104,202.147008
2017-03-31,2567.215104,202.147008,133.783,28.517,89.402,89.402,13928.230912,898.049024,-836.427008,-114.598,EOG,2612.621056,164.712
2017-06-30,2612.621056,164.712,99.271,23.053,46.658,46.658,13901.714944,1078.375936,-882.668032,-93.707,EOG,2661.790976,285.46
2017-09-30,2661.790976,285.46,216.604,100.541,146.175056,146.175056,13922.264064,961.363008,-1036.388992,-725.148992,EOG,3447.983104,688.288
2017-12-31,3447.983104,688.288,625.729024,2430.468096,400.879008,400.879008,16283.273216,1327.548032,-1231.924992,-102.257,EOG,3733.936896,948.238976
2018-03-31,3733.936896,948.238976,887.009984,638.588992,689.465984,689.465984,16840.638976,1552.166016,-1456.427008,-113.963,EOG,4363.908096,1090.761984
2018-06-30,4363.908096,1090.761984,1018.766976,696.731008,794.862016,794.862016,17452.393984,1941.617024,-1633.19104,-113.85,EOG,4625.866752,1395.547008
2018-09-30,4625.866752,1395.547008,1335.22304,1190.951936,1051.018432,1051.018432,18538.4704,2189.596928,-1788.649984,-134.716992,EOG,4283.858944,964.257984
2018-12-31,4283.858944,964.257984,929.457984,892.768,718.222016,718.222016,19364.187648,2079.822976,-1291.894016,-476.572992,EOG,4103.904,945.537024
2019-03-31,4103.904,945.537024,896.243008,635.425984,689.342016,689.342016,19903.797248,1607.76896,-1891.005952,-136.580992,EOG,4522.7648,1021.195008
2019-06-30,4522.7648,1021.195008,979.790016,847.841024,762.342016,762.342016,20630.275584,2686.543104,-1632.674048,-1029.134976,EOG,4109.658112,661.377024
2019-09-30,4109.658112,661.377024,630.875008,615.121984,485.128,485.128,21124.279808,2061.664,-1456.466048,-182.468992,EOG,4354.150912,1056.380992
2019-12-31,4354.150912,1056.380992,1023.838016,636.521024,786.884992,786.884992,21640.716288,1779.202944,-1197.026944,-165.136,EOG,3579.832064,436.040992
2020-03-31,3579.832064,436.040992,409.459008,9.813,318.033984,318.033984,21470.675456,2584.918016,-1530.942976,-175.268,EOG,1855.890944,-94.865
2011-03-31,474.374016,199.306,173.258,122.255,108.536096,108.536096,3153.255936,242.514,-18.875,-85.011,EQT,366.935008,153.214
2011-06-30,366.935008,153.214,123.386,87.754,78.301048,78.301048,3236.555008,238.57,-265.564,-32.409,EQT,359.980992,132.178
2011-09-30,359.980992,132.178,102.773,178.914,60.0901,60.0901,3437.73696,255.751008,41.828,-41.892,EQT,434.435008,164.867008
2011-12-31,434.435008,164.867008,133.371,90.846,85.720096,85.720096,3593.830016,168.184992,-371.479008,699.633024,EQT,447.496992,149.723008
2012-03-31,447.496992,149.723008,113.152,72.035,69.712552,69.712552,3706.134016,222.124,-267.196,-40.971,EQT,338.593984,82.194
2012-06-30,338.593984,82.194,46.814,31.446,31.9595,31.9595,3646.007936,196.315008,-391.377984,-35.107,EQT,364.688992,86.58
2012-09-30,364.688992,86.58,49.108,36.704,32.40535,32.40535,3847.771072,251.531008,-360.087008,232.512,EQT,405.137984,125.37
2012-12-31,405.137984,125.37,64.894,41.308,32.38525,32.38525,3888.802048,126.852,-351.836992,-231.954,EQT,416.625984,145.222
2013-03-31,416.625984,145.222,109.751,74.24,65.696952,65.696952,3927.036064,299.255008,-298.272,-22.713,EQT,470.104992,167.264992
2013-06-30,470.104992,167.264992,131.922,88.559,84.732248,84.732248,4102.22496,297.704992,-494.880992,53.551,EQT,477.691008,164.571008
2013-09-30,477.691008,164.571008,131.327,100.319,84.344552,84.344552,4735.323072,371.148,-427.488992,463.537984,EQT,490.902016,177.100992
2013-12-31,490.902016,177.100992,147.712992,78.534,58.086472,58.086472,4864.127872,194.752992,220.867008,6.124,EQT,661.625024,355.119008
2014-03-31,661.625024,355.119008,325.702016,211.039008,191.210208,191.210208,5014.505984,475.860992,-479.953984,68.256,EQT,534.171008,203.55
2014-06-30,534.171008,203.55,174.256,136.388,95.251352,95.251352,6029.933056,289.559008,-1007.121984,1082.023936,EQT,614.892032,199.276992
2014-09-30,614.892032,199.276992,164.564,132.294,77.608096,77.608096,6175.24992,376.524992,-613.598976,134.327008,EQT,637.966016,189.934
2014-12-31,637.966016,189.934,153.674,29.898,71.687768,71.687768,6373.06304,272.796992,-343.536992,-23.349,EQT,677.958016,302.296992
2015-03-31,677.958016,302.296992,266.02,221.168,163.53,163.53,7140.164992,453.116,-681.929024,934.902016,EQT,465.190016,68.069
2015-06-30,465.190016,68.069,33.925,63.747,-9.226,-9.226,7645.241088,202.911008,-684.958016,656.686016,EQT,453.784992,55.423
2015-09-30,453.784992,55.423,21.537,100.233,-28.13515,-28.13515,7752.273152,244.191008,-608.289024,68.616,EQT,528.640992,46.637
2015-12-31,528.640992,46.637,14.366,-63.262,-147.31856,-147.31856,8028.041984,316.721984,-550.430976,172.266,EQT,544.742976,132.519
2016-03-31,544.742976,132.519,101.179,88.425,10.541,10.541,8481.570816,284.916992,-396.688,67.026,EQT,447.768,5.076
2016-06-30,447.768,5.076,-23.585,-180.807008,-63.210984,-63.210984,9257.453056,208.487008,-463.18,955.222976,EQT,490.099008,41.83
2016-09-30,490.099008,41.83,16.561,70.104,-47.859,-47.859,9274.279168,274.295008,-809.564992,35.667,EQT,430.728,-311.311008
2016-12-31,430.728,-311.311008,-373.3,-509.215008,-352.016128,-352.016128,9119.247104,296.620992,-1217.048064,341.552992,EQT,744.985984,243.631008
2017-03-31,744.985984,243.631008,204.024,250.704992,75.879,75.879,9310.575872,514.816992,-716.88,-77.102,EQT,653.075008,160.962
2017-06-30,653.075008,160.962,123.189,122.645,31.927,31.927,9377.570048,808.993984,-1267.844992,-147.344992,EQT,637.646016,128.018
2017-09-30,637.646016,128.018,84.167,105.457,16.83415,16.83415,9424.67712,402.377984,-448.667008,32.503,EQT,914.313024,133.212
2017-12-31,914.313024,133.212,77.604,1276.690048,21.7849,21.7849,18414.613248,426.326016,-2485.558016,1647.988992,EQT,1211.04896,287.804
2018-03-31,1211.04896,287.804,229.763008,-1578.532992,34.472592,34.472592,16863.762176,904.412032,-849.436032,8.091,EQT,1030.294976,88.171
2018-06-30,1030.294976,88.171,30.921,-76.978,-100.393912,-100.393912,16702.618624,636.712,-912.801984,763.740032,EQT,1038.817984,109.392
2018-09-30,1038.817984,109.392,57.535,-127.347,-71.26004,31.88096,16217.392128,904.265984,-957.222016,-640.220992,EQT,1231.453056,4.051
2018-12-31,1231.453056,4.051,-50.742,-598.062016,134.07104,134.07104,10958.229248,530.865984,-1259.644032,727.409984,EQT,1213.971968,258.344
2019-03-31,1213.971968,258.344,222.758,190.691008,188.541136,188.541136,11139.58784,871.286976,-370.331008,-463.596992,EQT,960.529984,5.612
2019-06-30,960.529984,5.612,-21.246,125.566,-16.38436,-16.38436,11248.47488,443.545984,-394.297984,-59.924,EQT,943.307008,-27.064
2019-09-30,943.307008,-27.064,-51.813,-361.028,-53.533792,-53.533792,10897.624832,319.020992,-491.580992,149.932,EQT,948.355968,-386.183008
2019-12-31,948.355968,-386.183008,-407.358016,-1176.924032,-345.849952,-345.849952,9803.588224,217.85,-344.932,124.136,EQT,959.801984,24.955
2020-03-31,959.801984,24.955,-12.705,-167.139008,-51.296688,-51.296688,9633.878016,500.262016,-203.692992,-282.513984,EQT,818.116992,-41.917
2011-03-31,1.764,0.444,0.447,0.378,0.378,0.378,13.857,1.193,-1.075,-0.051,ESTE,1.997,0.553
2011-06-30,1.997,0.553,0.558,0.724,0.724,0.724,14.571,0.556,-0.701,-0.028,ESTE,1.987,0.401
2011-09-30,1.987,0.401,0.371,0.074,0.074,0.074,14.636,0.663,-1.387,-0.028,ESTE,2.458,0.424
2011-12-31,2.458,0.424,0.432,0.426,0.426,0.426,15.065,0.212,-0.193,-0.015,ESTE,2.525,0.907
2012-03-31,2.525,0.907,0.911,0.665,0.665,0.665,15.752,0.349,-0.851,0.0,ESTE,2.545,0.742
2012-06-30,2.545,0.742,0.802,0.728,0.728,0.728,16.418,1.846,-2.174,-0.084,ESTE,3.866,1.654
2012-09-30,3.866,1.654,1.655,1.152,1.152,1.152,17.592,0.889,-1.734,0.0,ESTE,2.776,0.559
2012-12-31,2.776,0.559,0.563,0.734,0.734,0.734,18.348,2.194,2.292,0.0,ESTE,2.347,0.276
2013-03-31,2.347,0.276,0.278,0.27,0.27,0.27,18.676,-0.042,-2.15,0.0,ESTE,2.809,0.573
2013-06-30,2.809,0.573,0.578,0.486,0.486,0.486,19.2,0.56,-2.57,0.0,ESTE,2.834,0.422
2013-09-30,2.834,0.422,0.471,0.37,0.37,0.37,19.607,1.464,-3.853,1.97,ESTE,3.388,0.77
2013-12-31,3.388,0.77,0.755,0.654,0.654,0.654,20.298,1.885,-3.844,1.982,ESTE,3.595,0.886
2014-03-31,3.595,0.886,0.861,0.693,0.693,0.693,21.038,2.888,-3.862,0.996,ESTE,4.672,1.715
2014-06-30,4.672,1.715,1.629,1.224,1.224,1.224,22.31,1.329,-3.786,2.999,ESTE,4.474,1.227
2014-09-30,4.474,1.227,1.229,0.933,0.933,0.933,23.288,0.848,-1.477,-0.042,ESTE,4.773,1.385
2014-12-31,4.773,1.385,1.345,1.089,1.089,1.089,24.394,-1.075,-1.751,-2.995,ESTE,12.814,-0.804
2015-03-31,12.814,-0.804,-0.879,-1.114,-0.581,-0.581,315.414,-21.506,-19.178,-0.073,ESTE,15.996,-0.456
2015-06-30,15.996,-0.456,-0.462,-0.748,-0.37035,-0.37035,314.666,11.145,-25.913,-0.052,ESTE,14.834,-0.841
2015-09-30,14.834,-0.841,-0.883,1.718,-0.4998,-0.4998,316.384,14.666,-18.207,-0.002,ESTE,10.435,-4.353
2015-12-31,10.435,-4.353,-4.529,-116.511,-26.58025,-26.58025,199.872992,-14.745,-3.304,-0.014,ESTE,8.855,-4.845
2016-03-31,8.855,-4.845,-5.656,-6.421,-5.92375,-5.92375,193.452,-15.192,-2.385,-0.003,ESTE,10.616,-1.837
2016-06-30,10.616,-1.837,-2.162,-11.172,-5.4364,-5.4364,275.664992,3.061,-35.742,45.867,ESTE,11.118,-3.791
2016-09-30,11.118,-3.791,-4.653,-3.9,-4.5201,-4.5201,273.092992,13.866,-8.542,-0.385,ESTE,14.905,-0.506
2016-12-31,14.905,-0.506,-0.856,-33.048,-6.07865,-6.07865,241.456992,-0.023,-13.199,-0.387,ESTE,15.343,-1.84
2017-03-31,15.343,-1.84,-2.176,0.729,-1.13455,-1.13455,243.496992,4.366,-4.168,-0.392,ESTE,25.777,2.955
2017-06-30,25.777,2.955,1.827,-54.967,26.2372,26.2372,674.158,7.312,-59.176,58.529,ESTE,31.282,8.178
2017-09-30,31.282,8.178,7.209,4.008,3.69775,3.69775,679.537008,12.506,-17.308,-0.822,ESTE,34.739,13.773
2017-12-31,34.739,13.773,12.961,5.497,19.08815,19.08815,725.732016,26.767,-5.651,-9.208,ESTE,40.895,19.91
2018-03-31,40.895,19.91,19.355,12.191,10.78385,10.78385,739.397024,16.766,-33.192,4.529,ESTE,37.15,14.0
2018-06-30,37.15,14.0,13.754,1.472,10.59136,10.59136,742.293984,36.663,-35.167,-8.358,ESTE,46.076,23.403
2018-09-30,46.076,23.403,22.875,0.564,17.71381,17.71381,744.092992,43.126,-46.046,12.153,ESTE,39.787,9.547
2018-12-31,39.787,9.547,8.25,80.986,-23.18873,-23.18873,826.492,5.824,-62.35,43.473,ESTE,40.728,12.732
2019-03-31,40.728,12.732,11.341,-38.443,22.48876,22.48876,790.030992,7.051,-48.487,41.486,ESTE,49.136,19.252
2019-06-30,49.136,19.252,17.674,19.536,5.93054,5.93054,811.563008,48.233,-31.473,-11.401,ESTE,39.204,11.584
2019-09-30,39.204,11.584,13.701,26.127,-1.31618,-1.31618,839.730976,30.455,-41.102,14.678,ESTE,68.994,21.593
2019-12-31,68.994,21.593,18.479,-5.64,20.072142,20.072142,835.751008,40.509,-79.549,43.046,ESTE,45.138,0.643
2020-03-31,45.138,0.643,-0.967,36.714,-21.512,-21.512,874.945984,48.542,-38.977,-18.286,ESTE,21.663,-15.036
2011-09-30,10.963589,2.804319,2.088621,2.088621,-6.323572,2.088621,115.019424,0.52088,-12.126307,12.285441,FANG,14.16911,4.732709
2011-12-31,14.16911,4.732709,4.052149,-8.957244,-0.5011385625,-0.5011385625,114.84728,16.343928,-25.824174,13.064552,FANG,14.986,5.372
2012-03-31,14.986,5.372,6.269,1.477,4.5918,4.5918,120.505336,19.552,-33.523,16.255,FANG,13.922,2.199
2012-06-30,13.922,2.199,1.559,13.624,5.78175,5.78175,123.873728,2.757321,-25.859142,16.082149,FANG,15.918,3.19
2012-09-30,15.918,3.19,3.6,0.452,2.704,2.704,124.6,11.154679,-27.570858,15.634851,FANG,25.53492,1.358085
2012-12-31,25.53492,1.358085,1.334398,-51.897432,-52.983692,-52.983692,462.068016,17.91,-97.797,104.813,FANG,27.366,7.119
2013-03-31,27.366,7.119,7.023,5.396,4.396,4.396,468.034,16.855,-74.094,36.397,FANG,44.538,18.527
2013-06-30,44.538,18.527,18.38,14.471,11.971,11.971,627.609,32.943,-64.581,108.02,FANG,54.576,26.208
2013-09-30,54.576,26.208,28.605,14.596,15.64,15.64,822.937992,41.849,-691.497024,620.849984,FANG,74.304,36.122
2013-12-31,74.304,36.122,31.806,20.124,19.104,19.104,845.540968,64.13,-109.968,8.293,FANG,96.948,47.007
2014-03-31,96.948,47.007,40.532,23.589,22.367,22.367,1082.908976,71.466,-399.184,337.476992,FANG,123.384,60.98
2014-06-30,123.384,60.98,55.483,27.824,35.9464,35.8754,1252.337016,88.24,-124.461,47.9,FANG,137.596,61.993
2014-09-30,137.596,61.993,53.718,44.641,34.9442,34.0422,1885.845952,92.289,-765.436032,676.798016,FANG,148.22,54.522152
2014-12-31,148.22,54.522152,44.667152,99.917,28.583,27.34,1985.21304,104.394,-192.916,78.061,FANG,144.960992,44.997
2015-03-31,144.960992,44.997,28.163,6.439,22.985,22.395,2116.517056,99.143,-153.555008,55.872,FANG,144.364992,49.633
2015-06-30,144.364992,49.633,39.792,-211.352,25.176958,25.176958,2243.619056,100.643,-526.409984,438.801984,FANG,147.45,54.377
2015-09-30,147.45,54.377,44.044,-156.042,26.22455,26.22455,2289.720032,139.818,-107.899,-32.77,FANG,154.826,71.059
2015-12-31,154.826,71.059,30.164,-186.835008,8.319,8.319,2108.972896,76.897,-107.186,6.577,FANG,92.598,8.33
2016-03-31,92.598,8.33,-1.12,-35.627,1.595,1.595,2337.055872,72.76,-107.157,250.092,FANG,111.95,27.484
2016-06-30,111.95,27.484,17.642,-157.120992,18.905,18.905,2186.551936,49.021,-73.219,7.182,FANG,141.74,52.661
2016-09-30,141.74,52.661,43.334,-0.6,41.704,41.704,2835.294976,104.565,-801.664,645.574016,FANG,181.996,84.039
2016-12-31,181.996,84.039,75.038,28.44,72.372,72.372,4018.292096,105.734,-328.201984,1721.773056,FANG,233.556,114.724
2017-03-31,233.556,114.724,103.644,141.074,97.445,97.445,5119.358048,175.927008,-1825.47904,20.418,FANG,274.119008,136.938
2017-06-30,274.119008,136.938,137.016992,164.128,129.987712,129.987712,5286.933856,218.504,-395.996992,156.640992,FANG,309.252992,150.639008
2017-09-30,309.252992,150.639008,141.45,81.948,131.065,131.065,5586.122848,243.587008,-543.249024,313.279008,FANG,394.911008,209.311008
2017-12-31,394.911008,209.311008,199.182,129.607,153.494,153.494,5581.73708,250.607008,-367.556992,199.191008,FANG,445.847008,235.339008
2018-03-31,445.847008,235.339008,224.374,178.154,162.131008,162.131008,5735.181936,339.427008,-584.931008,205.544992,FANG,480.0,236.0
2018-06-30,480.0,236.0,304.0,301.0,226.99576,226.99576,6012.466784,424.572992,-613.068992,230.455008,FANG,496.0,230.0
2018-09-30,496.0,230.0,213.199008,160.0,165.008992,165.008992,6429.796864,389.0,-621.0,627.0,FANG,625.833024,227.072992
2018-12-31,625.833024,227.072992,188.968,306.16,148.168992,148.168992,14166.262304,412.788992,-1684.084992,977.366016,FANG,879.0,336.0
2019-03-31,879.0,336.0,291.0,43.0,229.0,229.0,14513.99968,377.0,-937.0,471.0,FANG,1023.0,416.0
2019-06-30,1023.0,416.0,369.0,356.0,280.0,280.0,15450.000064,666.0,-835.0,369.0,FANG,984.0,360.0
2019-09-30,984.0,360.0,324.0,388.0,239.0,239.0,15489.000448,809.0,-972.0,-63.0,FANG,1116.0,420.0
2019-12-31,1116.0,420.0,407.0,-472.0,308.0,308.0,14906.0,887.0,-1144.0,285.0,FANG,984.0,294.0
2020-03-31,984.0,294.0,247.0,-400.0,230.0,230.0,14315.999808,849.0,-923.0,101.0,FANG,633.0,93.0
2011-03-31,48.379,4.515,-6.301,-23.168,-6.301,-7.813,152.97704,6.509,-89.752,116.405,GDP,58.835,9.094
2011-06-30,58.835,9.094,-3.861,0.082,-3.861,-5.373,153.167024,61.412,-103.584,-8.231,GDP,63.832,8.754
2011-09-30,63.832,8.754,-4.247,13.632,-4.247,-5.758,166.566,42.016,-94.559,55.437,GDP,61.328,0.198
2011-12-31,61.328,0.198,-12.322,-22.304,-12.322,-13.834,143.699984,26.403,-47.169,20.672,GDP,61.201,4.314
2012-03-31,61.201,4.314,-8.599,-17.729,-8.599,-10.111,126.018,30.537,-63.335,29.451,GDP,62.674,7.099
2012-06-30,62.674,7.099,-5.989,-3.202,-5.989,-7.501,123.43304,47.393,-68.403,22.965,GDP,64.766,6.503
2012-09-30,64.766,6.503,-6.809,12.405,-6.809,-8.32,135.984016,19.643,40.502,-60.53,GDP,65.364,-5.138
2012-12-31,65.364,-5.138,-18.224,-75.676,-18.224,-19.736,60.245008,76.216,-70.258,-6.34,GDP,47.236,-13.033
2013-03-31,47.236,-13.033,-26.402,-28.463,-26.402,-27.914,31.922,6.272,-51.778,48.366,GDP,48.568,-2.6305385
2013-06-30,48.568,-2.6305385,-15.642538,-16.143,-19.66,-23.616,119.606,29.588,-62.462,31.476,GDP,53.514,-0.053923078125
2013-09-30,53.514,-0.053923078125,-12.733923,-27.085,-14.296,-20.001,216.515,4.981,-80.935,75.205,GDP,50.191,-8.544
2013-12-31,50.191,-8.544,-20.569,-23.495,-20.569,-28.0,356.523,30.564,-55.479,72.234,GDP,49.072,-4.854
2014-03-31,49.072,-4.854,-16.722,-22.492,-16.722,-24.153,328.950008,6.555,-57.529,2.564,GDP,50.24,-6.631
2014-06-30,50.24,-6.631,-18.372,-25.106,-31.84,-39.27,299.701944,63.291,-94.045,30.398,GDP,55.101,-1.854
2014-09-30,55.101,-1.854,-14.493,-79.711,-14.493,-21.924,214.587,25.322,-86.114,62.553,GDP,48.557,-11.634
2014-12-31,48.557,-11.634,-23.125,-225.827008,-94.070704,-101.500704,-15.774024,26.563,-30.732,1.962,GDP,37.124,-1.267
2015-03-31,37.124,-1.267,-11.394,-21.118,-11.394,-18.825,20.657976,5.717,-67.577,68.278,GDP,37.269,-2.58
2015-06-30,37.269,-2.58,-11.437,-31.638,-11.437,-18.867,-15.043008,-11.229,-20.646,25.797,GDP,31.458,-6.638
2015-09-30,31.458,-6.638,-18.126,-17.796,-18.126,-25.556,-16.626944,-6.347,79.076,-69.052,GDP,26.073,-31.194
2015-12-31,26.073,-31.194,-55.529,-408.872,-55.529,36.306,-408.085024,-5.152,4.273,8.636,GDP,6.245,-6.967
2016-03-31,6.245,-6.967,-15.28,-18.733,-16.48855,-17.49255,-393.721976,-10.488,-0.717,12.103,GDP,6.339,-3.293
2016-06-30,6.339,-3.293,-4.419,-5.229,-4.7025,-9.8195,-397.848952,-1.826,-0.754,-0.028,GDP,7.243,-2.25
2016-09-30,7.243,-2.25,-3.501,-13.986,-7.17075,-12.28675,-410.69904,-1.838,-1.735,0.0,GDP,7.441,0.024
2016-12-31,7.441,0.024,8.098,403.584992,9.589,9.589,60.9,-6.859,-2.672,39.882,GDP,9.413,-3.49
2017-03-31,9.413,-3.49,-5.66,-5.725,-5.68275,-5.68275,56.001,4.665,-3.384,-0.182,GDP,12.465,0.368
2017-06-30,12.465,0.368,-1.98,-1.214,-1.7119,-1.7119,55.645,11.463,-14.135,-0.266,GDP,13.219,2.204
2017-09-30,13.219,2.204,1.091,0.72,0.96115,0.96115,57.463,0.285,-3.716,0.106,GDP,11.056,-0.766
2017-12-31,11.056,-0.766,-3.624,-1.777,-2.34185,-2.34185,56.251,2.493,-6.965,-0.622,GDP,11.834,-1.001
2018-03-31,11.834,-1.001,-3.681,-5.324,-4.02603,-4.02603,54.068,6.256,-5.781,-16.736,GDP,17.835,2.087
2018-06-30,17.835,2.087,-0.529,-2.661,-0.97672,-0.97672,53.134,6.399,-20.399,5.998,GDP,24.42,5.023
2018-09-30,24.42,5.023,1.919,1.666,1.63361,1.63361,56.568,24.08,-32.005,8.127,GDP,33.907,11.642
2018-12-31,33.907,11.642,6.107,8.069,6.56405,6.56405,64.43,12.451,-20.064,9.75,GDP,29.14,5.107
2019-03-31,29.14,5.107,-0.304,0.448,-0.14608,-0.14608,66.618,17.907,-26.97,4.995,GDP,31.884,4.352
2019-06-30,31.884,4.352,0.972,11.779,3.24147,3.24147,81.034,23.346,-26.812,5.135,GDP,33.087,6.139
2019-09-30,33.087,6.139,4.158,1.988,3.7023,3.7023,84.82,15.594,-19.083,2.98,GDP,26.736,-2.001
2019-12-31,26.736,-2.001,-3.965,-0.927,-3.32702,-3.32702,84.165,22.224,-25.102,3.17,GDP,28.955,1.7
2020-03-31,28.955,1.7,-0.133,3.036,0.53249,0.53249,88.508,14.85,-15.038,-0.002,GDP,27.813,1.918
2011-03-31,10085.000192,1154.0,992.0,974.0,521.5,521.5,18116.99968,1135.000064,-734.0,-41.0,HES,9930.999808,1183.000064
2011-06-30,9930.999808,1183.000064,1045.0,569.0,661.6,661.6,18904.0,1688.999936,-1420.999936,-42.0,HES,8714.999808,654.0
2011-09-30,8714.999808,654.0,543.0,267.0,520.449984,520.449984,18913.99968,1022.0,-2320.0,-69.0,HES,9749.000192,820.0
2011-12-31,9749.000192,820.0,519.0,-134.0,386.849984,386.849984,18592.0,1138.0,-2091.000064,477.0,HES,2896.0,906.0
2012-03-31,2896.0,906.0,805.0,539.0,471.1,471.1,19157.000064,988.0,-1772.0,829.0,HES,3324.0,1228.999936
2012-06-30,3324.0,1228.999936,1143.000064,540.0,604.300032,604.300032,19958.999808,1240.0,-1992.999936,766.0,HES,3072.0,880.0
2012-09-30,3072.0,880.0,791.0,510.0,356.049984,356.049984,20652.000128,1862.0,-1616.999936,-126.0,HES,5718.000128,695.0
2012-12-31,5718.000128,695.0,626.0,256.0,358.7,358.7,21202.99936,1570.0,-1668.999936,213.0,HES,6105.999872,1135.000064
2013-03-31,6105.999872,1135.000064,1028.0,1143.000064,590.449984,590.449984,22525.000384,819.0,-261.0,-756.0,HES,3068.999936,1052.0
2013-06-30,3068.999936,1052.0,924.0,1600.0,326.550016,326.550016,23973.000192,1247.000064,936.0,-1902.0,HES,2720.0,775.0
2013-09-30,2720.0,775.0,684.0,356.0,361.649984,361.649984,23842.000448,1254.0,-1487.000064,-171.0,HES,2721.999872,592.0
2013-12-31,2721.999872,592.0,519.0,911.0,1658.550016,1658.550016,24783.999488,1550.0,1390.0,-1447.000064,HES,2672.999936,771.0
2014-03-31,2672.999936,771.0,705.0,364.0,395.0,430.0,24241.999488,1158.0,-262.0,-1422.0,HES,2828.999936,429.0
2014-06-30,2828.999936,429.0,319.0,974.0,254.8,253.8,24353.999424,903.0,240.0,-226.0,HES,2678.000128,613.0
2014-09-30,2678.000128,613.0,480.0,359.0,265.6,265.6,24365.000192,1322.0,1584.999936,-992.0,HES,2556.999936,291.0
2014-12-31,2556.999936,291.0,180.0,-5.0,47.05,47.05,22319.999936,1050.0,-1531.000064,-1195.000064,HES,1538.0,-458.0
2015-03-31,1538.0,-458.0,-531.0,-376.0,-283.0,-283.0,21666.999296,436.0,-1226.0,-148.0,HES,1952.999936,-199.0
2015-06-30,1952.999936,-199.0,-303.0,-553.0,-147.0,-147.0,21102.999552,714.0,-1188.999936,-100.0,HES,1671.000064,-473.0
2015-09-30,1671.000064,-473.0,-539.0,-239.0,-266.0,-266.0,22362.999808,282.0,-956.0,2756.0,HES,1474.0,-542.0
2015-12-31,1474.0,-542.0,-715.0,-1791.000064,-413.0,-413.0,20400.999872,623.0,-909.0,-11.0,HES,973.0,-769.0
2016-03-31,973.0,-769.0,-834.0,-488.0,-509.0,-515.0,21634.000064,-60.0,-613.0,1514.0,HES,1224.0,-546.0
2016-06-30,1224.0,-546.0,-586.0,-373.0,-335.0,-347.0,21174.000512,197.0,-527.0,-132.0,HES,1176.999936,-479.0
2016-09-30,1176.999936,-479.0,-544.0,-317.0,-334.150016,-346.150016,20914.999488,332.0,-526.0,628.0,HES,1388.0,-455.0
2016-12-31,1388.0,-455.0,-537.0,-4897.999872,-300.6,-311.6,15591.000064,326.0,-424.0,-699.0,HES,1258.0,-214.0
2017-03-31,1258.0,-214.0,-303.538464,-296.0,-320.449984,-332.449984,15233.000128,349.0,-290.0,-105.0,HES,1196.999936,-340.0
2017-06-30,1196.999936,-340.0,-395.923072,-417.0,-430.1,-441.1,15077.99968,165.0,-401.0,42.0,HES,1348.0,-274.0
2017-09-30,1348.0,-274.0,-349.461536,-593.0,817.4,806.4,14428.000192,88.0,90.0,-144.0,HES,1663.000064,-299.0
2017-12-31,1663.000064,-299.0,-347.076928,-2635.000064,-567.699968,-579.699968,12354.00032,343.0,1959.000064,19.0,HES,1346.0,104.0
2018-03-31,1346.0,104.0,48.126584,-65.0,-74.3,-85.3,11936.999616,210.0,-422.0,-909.0,HES,1534.0,129.0
2018-06-30,1534.0,129.0,52.0,-87.0,-110.25,-122.25,11335.99968,425.0,-484.0,-759.0,HES,1792.999936,196.0
2018-09-30,1792.999936,196.0,118.0,3.0,-46.74,-57.74,11046.000064,423.0,5.0,-332.0,HES,1650.0,145.0
2018-12-31,1650.0,145.0,78.0,34.0,9.43,-2.57,10888.000256,881.0,-665.0,-526.0,HES,1572.0,247.0
2019-03-31,1572.0,247.0,176.0,75.0,37.53,33.53,10552.999936,238.0,-680.0,48.0,HES,1660.0,230.0
2019-06-30,1660.0,230.0,148.0,34.0,-20.22,-20.22,10530.999808,675.0,-617.0,-150.0,HES,1580.0,108.0
2019-09-30,1580.0,108.0,-47.0,-166.0,-209.63,-209.63,10176.999936,461.0,-721.0,-67.0,HES,1683.000064,18.0
2019-12-31,1683.000064,18.0,-61.0,-183.0,-219.63,-219.63,9706.0,268.0,-825.0,221.0,HES,1354.0,-189.0
2020-03-31,1354.0,-189.0,-287.0,-2366.000128,-4658.719744,-4658.719744,8177.999744,445.0,-818.0,908.0,HES,833.0,-156.0
2016-03-31,21.312456,6.060413,-0.292109,-11.297199,-5.837199,-5.837199,171.76559,17.714388,-16.827704,-1.021403,LONE,24.218,13.892
2016-06-30,24.218,13.892,7.718,-12.844,4.58055,4.58055,158.999008,-10.181388,-2.349296,13.506403,LONE,21.802,3.421
2016-09-30,21.802,3.421,-4.535,-11.26,-7.98335,-7.98335,153.357992,10.701,-6.276,-3.569,LONE,18.331,2.845
2016-12-31,18.331,2.845,-5.607,-58.935,-48.815152,-48.815152,170.954008,-22.717,-2.328,25.094,LONE,18.023,-0.782
2017-03-31,18.023,-0.782,-3.544,3.066,-2.26205,-2.26205,169.583,12.968,-20.652,5.5,LONE,19.781,-0.922
2017-06-30,19.781,-0.922,-9.127,-23.161,-6.1037,-6.3997,235.263,4.144,-126.799,125.339,LONE,28.663,3.372
2017-09-30,28.663,3.372,-2.593,-7.124,-0.95745,-2.78145,227.138992,8.268,-30.078,20.054,LONE,30.709,6.576
2017-12-31,30.709,6.576,0.298,-11.806,5.4229,3.5749,215.346016,14.978,-31.214,13.962,LONE,33.13,7.546
2018-03-31,33.13,7.546,-1.864,-16.536,-2.48901,-4.37801,198.3,9.847,-34.476,24.129,LONE,41.25,6.19
2018-06-30,41.25,6.19,-5.57,-21.593,-6.48346,-8.41546,179.516,28.904,-36.645,11.163,LONE,50.45,12.109
2018-09-30,50.45,12.109,1.894,-19.71,-2.42006,-4.39506,145.437984,17.07,-57.964,39.976,LONE,55.709,18.395
2018-12-31,55.709,18.395,11.18,77.19,14.54853,12.52853,222.546984,32.253,-90.385,58.947,LONE,40.012,7.662
2019-03-31,40.012,7.662,-3.096,-58.564,-4.52721,-6.59221,164.609984,9.826,-22.298,10.884,LONE,47.969,10.866
2019-06-30,47.969,10.866,0.884,13.289,2.54105,-3.88095,178.602,28.361,-39.737,10.949,LONE,52.593,10.762
2019-09-30,52.593,10.762,-0.633,16.217,-0.86043,-3.01943,194.819,14.686,-54.534,39.949,LONE,48.689,7.118
2019-12-31,48.689,7.118,-3.784,-73.961,-14.15326,-16.36126,120.886992,27.449,-29.723,1.97,LONE,37.009,-0.981
2020-03-31,37.009,-0.981,-12.228,-110.791,-31.85578,-34.11278,10.336,13.835,-35.776,19.946,LONE,17.22,10.884
2011-09-30,133.44,55.577,42.798,58.246,26.8575,26.8575,438.211008,71.615,-159.815008,94.397,LPI,140.331008,41.022
2011-12-31,140.331008,41.022,25.523,1.566,16.6213,16.6213,760.013008,110.403,-187.523008,76.873,LPI,152.616992,58.75
2012-03-31,152.616992,58.75,44.082,26.079,28.2461,28.2461,788.494976,91.402,-252.192,145.0,LPI,147.995008,49.969
2012-06-30,147.995008,49.969,28.31,31.081,17.91525,17.91525,822.058016,108.388,-233.639008,259.524,LPI,150.828992,44.2
2012-09-30,150.828992,44.2,19.79,-7.271,12.97715,12.97715,817.440992,83.667,-251.035008,50.0,LPI,157.456,44.024
2012-12-31,157.456,44.024,13.125,11.872,9.47545,9.47545,831.723008,93.319,-203.884992,114.673,LPI,167.380992,48.181
2013-03-31,167.380992,48.181,22.783,1.137,14.4854,14.4854,835.474024,63.06,-199.384992,134.125,LPI,178.276992,58.395
2013-06-30,178.276992,58.395,32.415,35.294,20.3921,20.3921,875.705032,115.23,-196.908,94.242,LPI,166.771008,53.351
2013-09-30,166.771008,53.351,28.529,11.817,16.1486,16.1486,1195.352032,97.148,221.335008,-96.801,LPI,156.574,58.17
2013-12-31,156.574,58.17,31.077,68.329,15.9689,15.9689,1272.255968,89.291,-154.926,-1.482,LPI,171.879008,58.483
2014-03-31,171.879008,58.483,106.256,-0.213,68.922304,68.922304,1275.600984,128.117,-219.266,440.515008,LPI,178.624,60.141
2014-06-30,178.624,60.141,29.637,-18.899,19.3925,19.3925,1264.309024,111.982,-259.962,-0.033,LPI,204.772,73.695
2014-09-30,204.772,73.695,43.118,83.407,27.46345,27.46345,1354.694968,136.236992,-554.52,74.537,LPI,266.851008,66.088
2014-12-31,266.851008,66.088,34.985,201.278,9.4838,9.4838,1563.200992,121.941,-373.212992,224.832992,LPI,213.835008,43.563
2015-03-31,213.835008,43.563,-52.302,-0.472,-36.529448,-36.529448,2319.111968,26.865,-282.545984,795.452992,LPI,228.927008,34.715
2015-06-30,228.927008,34.715,13.832,-397.033984,14.2288,14.2288,1928.946976,87.44,-147.1,-451.84,LPI,216.482,45.133
2015-09-30,216.482,45.133,23.981,-847.782976,18.2459,18.2459,1088.682048,111.199,-102.231,9.842,LPI,202.676992,41.286
2015-12-31,202.676992,41.286,20.051,-964.646976,12.780093,12.780093,131.44704,90.443,-135.63,-0.062,LPI,170.644,48.363
2016-03-31,170.644,48.363,27.055,-180.371008,-45.5441,-45.5441,-45.716096,56.517,-134.164,58.588,LPI,191.742,63.806
2016-06-30,191.742,63.806,44.001,-71.432,3.59945,3.59945,9.161984,82.114,-109.466,34.566,LPI,201.332,67.09
2016-09-30,201.332,67.09,44.311,9.485,32.1219,32.1219,187.100928,106.823,-212.264992,116.493,LPI,219.272,80.418
2016-12-31,219.272,80.418,60.59,-18.421,38.778,38.778,180.572928,110.841,-108.507,-0.022,LPI,194.35,56.67
2017-03-31,194.35,56.67,37.163,68.276,23.784,23.784,252.909824,63.784,-53.961,-12.143,LPI,194.952992,60.013
2017-06-30,194.952992,60.013,39.36,61.11,25.19,25.19,324.402944,93.117,-123.617,35.172,LPI,218.004992,72.639
2017-09-30,218.004992,72.639,51.646,11.027,33.053,33.053,346.225024,115.15,-179.315008,49.959,LPI,230.818,76.314
2017-12-31,230.818,76.314,57.38,408.560992,44.755836,44.755836,765.579008,112.863,651.942976,-673.465024,LPI,253.436,86.932
2018-03-31,253.436,86.932,73.867,86.52,57.616,57.616,941.830144,146.471008,-199.674,-3.067,LPI,345.776,89.497
2018-06-30,345.776,89.497,75.516,33.452,58.902,58.902,959.166848,116.13,-154.398,18.983,LPI,270.403008,95.067
2018-09-30,270.403008,95.067,79.955,55.05,60.978,60.978,1015.111936,145.927008,-182.359008,50.235,LPI,221.915008,62.751
2018-12-31,221.915008,62.751,48.075,149.572992,37.498,37.498,1174.230144,129.276,-154.524992,19.993,LPI,205.032992,51.422
2019-03-31,205.032992,51.422,36.742,-9.491,28.961,28.961,1171.431936,77.458,-155.452992,77.388,LPI,200.804992,52.396
2019-06-30,200.804992,52.396,39.477,173.382,22.072,22.072,1344.320896,183.811008,-137.520992,-35.034,LPI,169.739008,29.586
2019-09-30,169.739008,29.586,14.951,-264.628992,3.644,3.644,1079.252096,105.599,-79.702,-50.004,LPI,231.116992,65.55
2019-12-31,231.116992,65.55,50.927,-241.720992,39.723,39.723,841.87392,108.206,-289.035008,189.992992,LPI,252.238,51.973
2020-03-31,252.238,51.973,27.094,74.646,18.716,18.716,1079.669888,109.589,-159.791008,72.122,LPI,197.46,63.468
2011-03-31,53.097,31.397,31.334,19.818,19.818,19.818,395.626224,24.764,-12.614,-0.882,MCF,48.236,15.736
2011-06-30,48.236,15.736,15.714,9.907,9.907,9.907,392.29808,-0.077549,-35.290096,-8.854213,MCF,51.805,25.796
2011-09-30,51.805,25.796,25.759,16.641,16.641,16.641,409.094304,69.45208,-8.895038,-0.012259,MCF,40.06064,27.735108
2011-12-31,40.06064,27.735108,27.973,18.819424,18.996874,18.996874,426.623,46.42,23.546,-0.019,MCF,44.203,25.086
2012-03-31,44.203,25.086,25.009,15.586,15.586,15.586,427.995,12.589,-11.616,-13.532,MCF,53.907,31.024
2012-06-30,53.907,31.024,30.973,19.59,19.59,19.59,444.003,20.062,-1.952,-3.468,MCF,41.339,22.6
2012-09-30,41.339,22.6,22.642,14.7,14.7,14.7,458.422984,23.993,-16.435,0.254,MCF,39.823,16.612
2012-12-31,39.823,16.612,15.937,10.019,10.019,10.019,464.339016,17.748,-43.427,-3.419,MCF,29.765,-42.239
2013-03-31,29.765,-42.239,-42.087,-27.549,-27.549,-27.549,436.789992,17.916,-10.115,0.0,MCF,34.94,4.082
2013-06-30,34.94,4.082,4.253,2.604,2.604,2.604,403.929,29.03,-51.862,-35.465,MCF,31.787,8.171
2013-09-30,31.787,8.171,7.165,3.869,3.869,3.869,407.797992,21.814,-18.695,0.0,MCF,66.903,6.325
2013-12-31,66.903,6.325,6.035,6.396,3.02185,3.02185,593.05,36.277,45.877,-114.264,MCF,78.555,-4.288
2014-03-31,78.555,-4.288,-3.334,-10.193,-0.1492,-0.1492,583.943008,66.6,-40.429,-26.171,MCF,77.368,4.96
2014-06-30,77.368,4.96,4.223,4.581,4.2105,4.2105,589.67,61.248,-63.477,2.229,MCF,67.323,10.868
2014-09-30,67.323,10.868,11.531,3.664,6.7385,6.7385,594.554,48.988,-37.428,-11.56,MCF,50.23,-9.72
2014-12-31,50.23,-9.72,-10.18,-19.926,-6.6582,-6.6582,567.465984,33.124,-33.723,0.599,MCF,30.647,-27.536154
2015-03-31,30.647,-27.536154,-27.678088,-18.564,-16.843958,-16.843958,550.036016,-5.835,-35.262,41.097,MCF,35.334,-28.683
2015-06-30,35.334,-28.683,-29.268,-19.528,-19.3681,-19.3681,531.944992,14.586,-21.524,6.938,MCF,30.037,-24.397
2015-09-30,30.037,-24.397,-21.269,-185.684992,-32.909,-32.909,348.627,10.499,-13.603,3.104,MCF,22.835,-10.079
2015-12-31,22.835,-10.079,-40.529,-111.271,-75.645152,-75.645152,237.843,5.705,-6.417,0.712,MCF,19.09,-11.281
2016-03-31,19.09,-11.281,-12.199,-11.404,-11.97925,-11.97925,227.713,8.328,-4.836,-3.492,MCF,21.61,-8.993
2016-06-30,21.61,-8.993,-10.441,-17.296,-13.46835,-13.46835,211.765,4.749,-2.547,-2.202,MCF,18.957,-12.815
2016-09-30,18.957,-12.815,-13.786,-12.485,-13.52725,-13.52725,251.454992,10.519,-12.455,1.936,MCF,21.663,-6.804
2016-12-31,21.663,-6.804,-6.837,-16.844,-10.29525,-10.29525,236.404984,8.415,0.04,-8.455,MCF,19.245,-6.046
2017-03-31,19.245,-6.046,-6.893,0.885,-4.29485,-4.29485,238.671984,14.857,-20.151,5.294,MCF,20.711,-4.449
2017-06-30,20.711,-4.449,-3.826,-6.034,-4.6755,-4.6755,234.173,3.252,-14.759,11.507,MCF,19.351,-5.758
2017-09-30,19.351,-5.758,-6.362,-6.916,-6.6131,-6.6131,228.738984,7.996,-15.906,7.91,MCF,20.359,-4.253
2017-12-31,20.359,-4.253,-4.119,-5.578,-4.11485,-4.11485,224.600016,8.581,-14.634,6.053,MCF,19.924,-4.683
2018-03-31,19.924,-4.683,-4.506,0.937,-3.48779,-3.48779,226.890016,2.069,4.721,-6.79,MCF,17.63,-4.989
2018-06-30,17.63,-4.989,-4.036,-7.178,-4.81511,-4.81511,221.172016,11.194,-13.236,2.042,MCF,19.508,-6.876
2018-09-30,19.508,-6.876,-8.188,-81.524,-23.57197,-23.57197,140.236992,11.88,-12.649,0.769,MCF,18.694,-1.709
2018-12-31,18.694,-1.709,-16.863,-33.803,-20.28768,-20.28768,140.388992,-1.666,-9.523,11.189,MCF,14.779,-3.246
2019-03-31,14.779,-3.246,-4.394,-8.618,-5.30237,-5.30237,132.551008,-0.139,-5.141,5.28,MCF,12.762,-5.861
2019-06-30,12.762,-5.861,-6.424,-4.961,-6.4541,-6.4541,128.170016,15.037,-9.48,-5.557,MCF,12.547,-7.042
2019-09-30,12.547,-7.042,-9.139,-7.838,-8.88949,-8.88949,174.580992,-5.651,-12.695,20.39,MCF,37.193,-1.237
2019-12-31,37.193,-1.237,-4.861,-138.379008,-32.69122,-32.69122,116.040032,12.463,-127.539,114.656,MCF,34.573,-5.117
2020-03-31,34.573,-5.117,-5.525,-105.255,-26.77956,-26.77956,10.930976,-0.248,-9.487,9.796,MCF,17.842,-21.275
2017-06-30,0.0,-0.206743,0.445977,0.289885,0.289885,0.289885,628.099236,0.0,0.0,0.0,MGY,86.615,38.367
2017-09-30,86.615,38.367,38.283,36.005,37.0762,37.0762,628.768449,0.0,0.0,0.0,MGY,124.978,63.618
2017-12-31,124.978,63.618,-86.089,53.512,59.705848,59.705848,1597.837952,64.247,-58.771,0.0,MGY,172.312,92.512
2018-03-31,172.312,92.512,93.004,85.366,91.04768,91.04768,627.840341,104.613,-237.73,133.117,MGY,199.987008,101.332
2018-06-30,199.987008,101.332,101.822,86.449,98.141,98.141,624.478917,131.051,-82.114,-48.937,MGY,255.05,106.174
2018-09-30,255.05,106.174,94.184,71.379,67.529792,67.529792,2643.00896,136.45,-786.124032,686.366016,MGY,255.055008,76.351
2018-12-31,255.055008,76.351,67.967,57.808,34.691392,34.691392,2707.954936,218.168,-119.125,0.0,MGY,218.674,33.868
2019-03-31,218.674,33.868,26.841,22.713,13.30487,13.30487,2716.576904,116.562,-183.314,7.301,MGY,242.958,43.717
2019-06-30,242.958,43.717,36.533,31.303,18.57315,18.57315,2784.148056,192.828992,-171.896,-0.531,MGY,244.799008,27.669
2019-09-30,244.799008,27.669,20.886,17.357,10.547,7.784,2783.953032,179.22,-98.867,-12.573,MGY,229.708992,22.684
2019-12-31,229.708992,22.684,15.942,13.631,8.115,8.115,2728.529048,159.008,-70.171,-70.693,MGY,181.364992,-583.078016
2020-03-31,181.364992,-583.078016,-589.867008,-1895.298944,-135.816176,-135.816176,828.890048,134.878,-163.8,-7.219,MGY,82.839,-17.783102
2019-03-31,18.265,8.707,4.911,4.195,4.73615,4.73615,381.747008,10.039,-43.46,10.0,MNRL,24.529,5.034
2019-06-30,24.529,5.034,3.77,-3.207,2.2124,3.5634,58.456,19.528,-35.672,90.307,MNRL,25.107,9.115
2019-09-30,25.107,9.115,9.18,8.464,8.39211,3.07411,59.478,16.958,-100.718,26.881,MNRL,33.614,14.362
2019-12-31,33.614,14.362,13.917,12.346,12.35074,5.08174,317.319016,22.5,-36.982,39.293,MNRL,32.28,10.413
2020-03-31,32.28,10.413,10.383,8.801,8.801,8.801,519.633008,27.15,-23.882,-23.295,MNRL,12.605,-7.144
2011-03-31,3687.000064,1167.000064,1264.999936,455.0,633.100032,633.100032,24704.999936,2592.0,-833.0,2.0,MRO,3700.0,1070.0
2011-06-30,3700.0,1070.0,1176.0,298.0,468.350016,468.350016,16707.00032,1818.0,-1040.0,-1780.999936,MRO,3663.000064,1196.999936
2011-09-30,3663.000064,1196.999936,1288.0,405.0,419.7,419.7,16755.999744,1080.0,-738.0,-403.0,MRO,3667.000064,1124.0
2011-12-31,3667.000064,1124.0,1122.0,549.0,490.6,490.6,17158.999488,1034.0,-5056.0,-113.0,MRO,3796.0,1412.0
2012-03-31,3796.0,1412.0,1438.0,417.0,476.7,476.7,17505.999808,973.0,-806.0,-157.0,MRO,3752.0,1444.0
2012-06-30,3752.0,1444.0,2036.230784,393.0,799.649984,799.649984,17785.000448,769.0,-1195.000064,367.0,MRO,4051.000064,1680.0
2012-09-30,4051.000064,1680.0,1704.0,450.0,437.2,437.2,18064.0,1070.0,-2030.0,1175.000064,MRO,4124.999936,1674.0
2012-12-31,4124.999936,1674.0,1716.999936,315.0,374.350016,374.350016,18283.00032,1204.999936,-1408.0,215.0,MRO,3792.999936,1250.0
2013-03-31,3792.999936,1250.0,1346.0,380.0,358.0,358.0,18588.000256,1528.0,-1037.0,-413.0,MRO,3020.0,901.0
2013-06-30,3020.0,901.0,861.0,241.0,281.5,281.5,19021.000192,868.0,-1262.0,-130.0,MRO,3019.000064,729.0
2013-09-30,3019.000064,729.0,833.0,396.0,446.049984,446.049984,18994.000384,1644.999936,-1112.0,-411.0,MRO,2460.999936,251.0
2013-12-31,2460.999936,251.0,289.0,136.0,170.0,170.0,19344.0,5270.000128,-4520.999936,-1162.0,MRO,2710.000128,612.0
2014-03-31,2710.000128,612.0,700.0,398.0,383.350016,383.350016,19804.99968,1470.0,1048.0,-810.0,MRO,2908.0,558.0
2014-06-30,2908.0,558.0,602.0,360.0,420.6,420.6,19868.000256,1088.0,-1252.0,-533.0,MRO,2884.999936,531.0
2014-09-30,2884.999936,531.0,565.0,304.0,375.950016,375.950016,20226.000384,1774.0,-1544.0,-732.0,MRO,2420.999936,-47.0
2014-12-31,2420.999936,-47.0,-27.0,-93.0,20.2,20.2,21020.000256,1155.000064,2.0,482.0,MRO,1495.000064,-341.0
2015-03-31,1495.000064,-341.0,-375.0,-276.0,-247.8,-247.8,20660.000256,309.0,-1442.0,-138.0,MRO,1504.999936,-212.0
2015-06-30,1504.999936,-212.0,-200.0,-386.0,-153.4,-153.4,20217.999872,408.0,-1771.000064,1807.000064,MRO,1396.0,-75.0
2015-09-30,1396.0,-75.0,-194.0,-749.0,-146.0,-146.0,19334.999552,496.0,-247.0,-139.0,MRO,1200.0,-99.0
2015-12-31,1200.0,-99.0,-130.0,-793.0,-335.0,-335.0,18552.999936,363.0,258.0,-1079.000064,MRO,616.0,-409.0
2016-03-31,616.0,-409.0,-474.0,-360.0,-272.350016,-272.350016,19351.000576,69.0,-408.0,1198.0,MRO,772.0,-264.0
2016-06-30,772.0,-264.0,-224.0,-138.0,-158.292688,-158.292688,19152.999424,198.0,388.0,-43.0,MRO,884.0,-223.0
2016-09-30,884.0,-223.0,-278.0,-206.0,-184.15,-184.15,18921.99936,259.0,-945.0,-44.0,MRO,951.0,-118.0
2016-12-31,951.0,-118.0,-108.0,-1383.000064,-82.3858,-82.3858,17540.99968,552.0,91.0,-43.0,MRO,921.0,21.0
2017-03-31,921.0,21.0,-75.0,-50.0,-110.05,-110.05,12584.0,501.0,-450.0,-50.0,MRO,946.0,-82.0
2017-06-30,946.0,-82.0,-161.0,-153.0,-186.95,-186.95,12405.000192,422.0,-383.0,-46.0,MRO,1192.0,-250.0
2017-09-30,1192.0,-250.0,-171.0,-599.0,-308.466592,-308.466592,11775.000064,564.0,-520.0,-864.0,MRO,1428.0,84.0
2017-12-31,1428.0,84.0,228.0,-28.0,54.875,54.875,11708.000256,501.0,-691.0,-913.0,MRO,1540.999936,290.0
2018-03-31,1540.999936,290.0,322.0,356.0,154.0,154.0,12034.000128,649.0,449.0,-49.0,MRO,1459.000064,123.0
2018-06-30,1459.000064,123.0,163.0,96.0,114.17,114.17,12131.999744,767.0,-681.0,-29.0,MRO,1656.999936,248.0
2018-09-30,1656.999936,248.0,227.0,254.0,152.0,152.0,12043.999744,963.0,-689.0,-377.0,MRO,1395.000064,483.0
2018-12-31,1395.000064,483.0,150.0,390.0,121.0,121.0,12128.0,855.0,-549.0,-404.0,MRO,1235.000064,36.0
2019-03-31,1235.000064,36.0,116.0,174.0,256.0,256.0,12208.0,515.0,-564.0,-72.0,MRO,1394.0,263.0
2019-06-30,1394.0,263.0,221.0,161.0,183.12,183.12,12100.99968,797.0,-565.0,-278.0,MRO,1255.000064,195.0
2019-09-30,1255.000064,195.0,121.0,165.0,111.0,111.0,12271.000064,737.0,-795.0,-72.0,MRO,1240.999936,69.0
2019-12-31,1240.999936,69.0,75.0,-20.0,57.37,57.37,12152.999936,700.0,-894.0,-113.0,MRO,1031.0,119.0
2020-03-31,1031.0,119.0,-128.0,-46.0,-88.46,-88.46,11958.000128,701.0,-611.0,-131.0,MRO,496.0,-387.0
2011-03-31,15.548328,2.874657,2.839291,-27.595664,-3.3238765,-3.3238765,254.808934,12.732005,-35.02406,15.693402,MTDR,21.816022,6.863713
2011-06-30,21.816022,6.863713,6.774857,7.152223,6.9365985,6.9365985,262.442635,6.799079,-56.064996,44.728128,MTDR,18.882,3.413
2011-09-30,18.882,3.413,3.324,6.194,4.3285,4.3285,268.538348,14.911916,-16.682946,-0.383532,MTDR,17.859758,1.398301
2011-12-31,17.859758,1.398301,1.242836,3.416228,1.073744375,1.073744375,271.51519,27.425072,-52.315596,27.406728,MTDR,32.226368,10.369057
2012-03-31,32.226368,10.369057,10.13406,3.800576,5.92585,5.92585,414.096107,5.109846,-52.764016,39.743844,MTDR,40.791,7.673
2012-06-30,40.791,7.673,7.702,-6.676,5.08315,5.08315,407.777,46.416152,-84.112984,44.755156,MTDR,41.379,6.888
2012-09-30,41.379,6.888,6.799,-9.197,1.58585,1.58585,399.228008,28.799,-80.053,46.0,MTDR,55.561,9.433
2012-12-31,55.561,9.433,8.951,-21.188,-1.47545,-1.47545,379.104008,43.903,-89.986,44.0,MTDR,59.711,11.8
2013-03-31,59.711,11.8,10.596,-15.505,1.43075,1.43075,364.104992,32.229,-84.672,55.0,MTDR,58.433,19.187
2013-06-30,58.433,19.187,17.625,25.119,20.2271,20.2271,390.024992,52.309,-91.229,39.999,MTDR,80.703,33.967
2013-09-30,80.703,33.967,31.995,20.105,26.16755,26.16755,552.666024,42.654,-84.183,42.128,MTDR,69.274,23.76
2013-12-31,69.274,23.76,23.036,15.375,15.76825,15.76825,568.923992,52.278,-106.855,54.534,MTDR,77.088,30.365
2014-03-31,77.088,30.365,27.164,16.363,17.18525,17.18525,586.400976,31.945,-93.898,70.006,MTDR,96.141,35.301
2014-06-30,96.141,35.301,37.007,18.226,23.52155,23.52155,787.242016,81.53,-142.320992,61.086,MTDR,95.916,30.236
2014-09-30,95.916,30.236,29.83,29.619,19.02855,19.02855,818.339032,66.884,-173.71,99.914,MTDR,103.589,24.914
2014-12-31,103.589,24.914,23.896,46.546,13.83485,13.83485,866.541032,71.122,-160.602,90.164,MTDR,80.969,3.114
2015-03-31,80.969,3.114,1.428,-50.198,0.4764,0.4764,922.834024,93.346,-166.092,70.4,MTDR,101.628,11.834
2015-06-30,101.628,11.834,6.467,-157.016,7.32545,7.25045,956.346968,20.044,-127.904,155.422,MTDR,92.246,10.334
2015-09-30,92.246,10.334,3.173,-242.014,2.557,2.557,716.603992,72.534,-111.563,-0.707,MTDR,83.024,11.432
2015-12-31,83.024,11.432,3.577,-230.296,-0.59785,-0.52285,488.959008,22.611,-19.595,-0.171,MTDR,51.462,-14.328
2016-03-31,51.462,-14.328,-21.431,-107.667,-13.922,-13.922,525.15196,18.358,-57.932,141.171008,MTDR,71.801,3.337
2016-06-30,71.801,3.337,-1.953,-105.747,-1.338,-1.338,422.529064,31.242,-108.1,-0.598,MTDR,85.53,13.651
2016-09-30,85.53,13.651,6.63,12.047,6.516,6.516,437.793928,46.862,-131.564,64.395,MTDR,97.34,20.468
2016-12-31,97.34,20.468,11.255,104.31,5.969,5.969,691.445056,37.624,-108.044,262.738,MTDR,114.183,37.105
2017-03-31,114.183,37.105,28.727,45.9,36.189552,36.189552,915.496024,61.309,-238.32,173.832,MTDR,116.421,25.799
2017-06-30,116.421,25.799,18.497,31.687,21.74125,21.74125,962.370952,59.933,-131.375,6.986,MTDR,138.651008,38.921
2017-09-30,138.651008,38.921,30.335,17.979,31.7196,31.7196,992.796944,101.274,-227.158,10.299,MTDR,165.306,52.759
2017-12-31,165.306,52.759,46.011,42.441,-17.7514,-17.7514,1257.546,76.609,-222.431008,217.382,MTDR,180.764,62.946
2018-03-31,180.764,62.946,54.508,64.924,39.088,39.088,1362.766048,136.148992,-220.754,34.906,MTDR,209.938,72.564
2018-06-30,209.938,72.564,64.208,65.637,46.118,46.118,1679.748032,118.059,-272.808,245.479008,MTDR,228.515008,89.19
2018-09-30,228.515008,89.19,77.874,25.115,55.737,55.737,1722.442944,165.11,-726.966016,471.351008,MTDR,215.296992,73.486
2018-12-31,215.296992,73.486,191.99,144.088,173.180992,173.180992,1779.656968,189.204992,-294.724992,136.496,MTDR,219.608,53.26
2019-03-31,219.608,53.26,35.221,-9.485,21.93,21.93,1791.529008,59.24,-214.88,118.368,MTDR,235.547008,70.632
2019-06-30,235.547008,70.632,51.773,45.072,34.483408,34.483408,1840.603024,135.256992,-179.814,82.607,MTDR,269.555008,76.255
2019-09-30,269.555008,76.255,57.835,53.753,37.948,37.948,1912.41804,158.63,-244.355008,41.769,MTDR,312.687008,89.06
2019-12-31,312.687008,89.06,67.851,33.642,45.732576,45.732576,1969.451968,198.915008,-264.927008,90.334,MTDR,235.155008,57.102
2020-03-31,235.155008,57.102,38.61,135.083008,23.112,23.112,2154.38,109.372,-248.22,130.515,MTDR,195.588,21.359
2011-03-31,6266.009088,420.136992,410.935008,238.442,238.118304,238.118304,8531.23712,522.9,-362.535008,-15.059,MUR,7384.573952,470.863008
2011-06-30,7384.573952,470.863008,466.711008,280.016,256.896256,256.896256,8829.165888,395.041984,-784.108992,500.008992,MUR,7194.393088,508.356992
2011-09-30,7194.393088,508.356992,526.646016,347.310016,347.267744,347.267744,8888.352128,958.804992,-198.25,-263.778,MUR,6794.033152,466.4
2011-12-31,6794.033152,466.4,460.72,-117.953,254.334448,254.334448,8778.397184,268.638016,-269.46,-769.494976,MUR,6953.86112,467.232
2012-03-31,6953.86112,467.232,447.385984,281.438016,269.575488,269.575488,9119.0832,991.006016,-525.511008,-51.259,MUR,7146.727936,487.264992
2012-06-30,7146.727936,487.264992,493.084,291.305984,294.58656,294.58656,9304.62816,356.112,-751.592,138.792,MUR,2655.355904,427.58
2012-09-30,2655.355904,427.58,411.007008,211.68,233.6344,233.6344,9616.758144,754.108992,-953.08,335.134016,MUR,1302.670976,406.723008
2012-12-31,1302.670976,406.723008,400.708992,123.935,254.0936,254.0936,8942.034816,955.054016,-1087.23904,263.042,MUR,1298.928,385.814016
2013-03-31,1298.928,385.814016,367.001984,182.683008,187.2252,187.2252,9138.494144,921.126976,-933.939968,196.17,MUR,1315.6,471.636
2013-06-30,1315.6,471.636,474.235008,259.888992,272.941664,272.941664,9134.171776,747.883008,-773.0,-112.63,MUR,2906.096128,427.951008
2013-09-30,2906.096128,427.951008,450.544992,252.115008,252.7104,252.7104,8918.045952,1009.505984,-1038.929984,70.18,MUR,1344.259968,299.543008
2013-12-31,1344.259968,299.543008,276.921984,180.487008,262.710096,262.710096,8595.730048,959.971008,-985.308992,-261.427008,MUR,1299.622016,372.235008
2014-03-31,1299.622016,372.235008,349.159008,169.286,179.021696,179.021696,8304.077888,667.121024,-1001.955008,235.126,MUR,1357.905024,342.015008
2014-06-30,1357.905024,342.015008,304.611168,142.668,142.679808,142.679808,8398.897024,723.804032,-910.129024,188.498,MUR,1393.702016,387.465984
2014-09-30,1393.702016,387.465984,360.158016,271.056992,213.139904,213.139904,8402.507776,894.334016,-1008.164992,137.716,MUR,1407.625984,273.066304
2014-12-31,1407.625984,273.066304,222.131152,441.961984,109.862,109.862,8573.433856,758.753024,801.971968,-1040.195968,MUR,749.150016,-164.405152
2015-03-31,749.150016,-164.405152,-205.451152,3.53,-164.67,-164.67,8204.477952,468.984992,-371.052992,-304.135008,MUR,718.620992,-39.032152
2015-06-30,718.620992,-39.032152,-87.567768,-88.986,-81.786,-81.786,7866.04608,160.780992,-621.121984,377.948992,MUR,665.588992,-131.450616
2015-09-30,665.588992,-131.450616,-147.256848,-1587.081984,-76.721,-76.721,6028.454016,461.896,-586.104,89.886,MUR,653.756992,-149.231008
2015-12-31,653.756992,-149.231008,-206.04416,-583.233984,-148.815808,-148.815808,5306.727936,76.703,-338.528,-335.676,MUR,429.094016,-131.804536
2016-03-31,429.094016,-131.804536,-139.968,-199.484992,-111.099296,-111.099296,5205.088128,45.624,-193.948,304.679008,MUR,411.216992,-210.42416
2016-06-30,411.216992,-210.42416,-155.537536,2.905,-43.170848,-43.170848,5171.693056,72.939,785.206016,-1036.708992,MUR,486.276,8.203
2016-09-30,486.276,8.203,-14.798231,-14.583,-19.7085,-19.7085,5085.588096,164.616992,-163.887008,484.120992,MUR,482.988,-3.52684625
2016-12-31,482.988,-3.52684625,5.0753075,-62.78,-13.3453,-13.3453,4916.67904,320.444992,-141.284,-45.802,MUR,546.112,82.518
2017-03-31,546.112,82.518,-17.1,57.495,-76.405,-76.405,4958.483072,305.512992,-246.984992,-58.604,MUR,504.420992,62.885
2017-06-30,504.420992,62.885,-43.180384,-17.354,-52.2869,-52.2869,4977.687936,285.948992,-48.834,-46.738,MUR,497.619008,38.025
2017-09-30,497.619008,38.025,-45.521152,-66.318,-54.594048,-54.594048,4980.133888,227.336,-233.284992,-54.145,MUR,539.656,38.949692
2017-12-31,539.656,38.949692,45.522924,-284.760992,21.339,21.339,4620.191104,309.276992,-302.889984,-45.73,MUR,366.827008,8.855253
2018-03-31,366.827008,8.855253,-16.79495,90.581,-26.05119,-26.05119,4692.307072,278.272992,-273.641984,-52.305,MUR,389.143008,22.042
2018-06-30,389.143008,22.042,-10.21519,-25.185,-15.43023,-15.43023,4671.638144,220.794,-317.822016,49.063,MUR,473.235008,93.522072
2018-09-30,473.235008,93.522072,18.654126,56.131,12.43304,12.43304,4766.928,269.684992,-232.092992,28.817,MUR,503.448,66.451872
2018-12-31,503.448,66.451872,-7.2818355,47.611,-6.9311,-6.9311,5197.641952,194.296992,-957.468032,259.638,MUR,629.353984,126.108864
2019-03-31,629.353984,126.108864,75.291864,22.923,23.09432,23.09432,5326.676928,217.196992,-270.337984,-22.906,MUR,738.352,188.604992
2019-06-30,738.352,188.604992,74.741,98.824,41.53158,41.53158,5098.543936,437.036992,-1607.635968,1180.089984,MUR,813.584,186.744896
2019-09-30,813.584,186.744896,88.151896,158.334,53.674528,53.674528,6025.819712,497.796,-348.408992,-39.857,MUR,634.964992,-31.023152
2019-12-31,634.964992,-31.023152,56.107052,-91.266,22.63415,22.63415,5804.611104,335.878016,-333.180992,-131.776,MUR,1001.230016,354.908288
2020-03-31,1001.230016,354.908288,-44.249696,-503.84,-47.51542,-47.51542,5098.302864,392.656992,-376.129984,87.764,MUR,209.864992,-294.600992
2011-03-31,23.805378,8.946047,9.253089,-7.057842,6.474268,6.474268,436.451302,-7.160821,-46.74472,1.5,NOG,29.977866,12.874176
2011-06-30,29.977866,12.874176,12.889574,20.4329,7.040738,7.040738,461.54018,42.655508,-64.981292,0.0,NOG,41.94464,18.865622
2011-09-30,41.94464,18.865622,18.684822,28.617222,10.998712,10.998712,494.498672,13.891178,-97.75576,14.750853,NOG,50.588984,23.492156
2011-12-31,50.588984,23.492156,23.331986,-1.380788,13.961015,13.961015,496.570072,35.76366,-91.386032,53.636308,NOG,59.887904,24.192072
2012-03-31,59.887904,24.192072,23.996174,8.805911,14.443824,14.443824,510.046996,38.613432,-145.106896,104.04876,NOG,69.408288,25.394488
2012-06-30,69.408288,25.394488,22.667084,43.626396,13.647085,13.647085,558.239568,46.948016,-138.934528,113.323296,NOG,82.40408,28.627768
2012-09-30,82.40408,28.627768,23.422052,0.300161,14.119631,14.119631,565.375824,51.135484,-135.830992,67.7584,NOG,84.725488,36.974976
2012-12-31,84.725488,36.974976,31.253962,19.552156,21.437156,21.437156,586.185264,61.82968,-112.300008,55.62376,NOG,82.808736,35.574724
2013-03-31,82.808736,35.574724,29.466788,8.951519,18.121174,18.121174,596.661704,56.356932,-76.050816,14.788049,NOG,79.152136,30.719384
2013-06-30,79.152136,30.719384,22.632004,25.011672,14.601005,14.601005,623.455552,54.0795,-110.372176,65.905952,NOG,99.13736,41.466208
2013-09-30,99.13736,41.466208,32.084064,1.702904,20.0111,20.0111,600.865088,58.48278,-82.314928,17.605308,NOG,95.934656,31.495648
2013-12-31,95.934656,31.495648,21.910808,17.400936,13.662937,13.662937,619.828352,53.855192,-89.798496,29.761872,NOG,89.984992,28.417748
2014-03-31,89.984992,28.417748,18.549446,6.589763,11.431328,11.431328,613.228176,72.747616,-119.200456,48.874616,NOG,109.909544,38.469768
2014-06-30,109.909544,38.469768,28.145084,-4.41245,17.33699,17.33699,609.458384,56.14288,-109.715592,59.715948,NOG,112.176592,35.598668
2014-09-30,112.176592,35.598668,24.987442,57.985312,15.60642,15.60642,668.310592,80.480208,-116.433464,29.750236,NOG,111.679896,31.962388
2014-12-31,111.679896,31.962388,20.708288,103.58332,12.826322,12.826322,770.861632,64.886832,-131.690336,68.091848,NOG,90.456008,21.277962
2015-03-31,90.456008,21.277962,9.541757,-229.738576,5.985675,5.985675,542.876624,66.876452,-110.39652,39.92364,NOG,94.056424,32.617592
2015-06-30,94.056424,32.617592,18.230098,-250.060624,11.362383,11.362383,293.791696,44.822512,-77.769848,34.318304,NOG,101.156552,47.77914
2015-09-30,101.156552,47.77914,23.217884,-323.242048,13.397156,13.397156,-28.341728,60.210328,-45.058176,-18.133664,NOG,56.913028,10.944835
2015-12-31,56.913028,10.944835,24.42963,-172.313312,17.76963,17.76963,-197.602144,75.106424,-55.711124,-20.135452,NOG,53.819252,17.99911
2016-03-31,53.819252,17.99911,0.817892,-126.565752,0.545163,0.545163,-322.505056,55.214152,-20.05782,-34.158576,NOG,62.520924,26.4551
2016-06-30,62.520924,26.4551,10.408957,-108.978664,6.509132,6.509132,-429.797216,3.308788,-18.37399,14.344174,NOG,50.754992,19.99274
2016-09-30,50.754992,19.99274,3.847482,-45.618896,21.547482,21.547482,-476.060416,39.195768,-27.602416,-11.941443,NOG,54.155264,20.697472
2016-12-31,54.155264,20.697472,4.479057,-12.330398,2.390236,2.390236,-487.421664,4.172867,-24.92986,23.924072,NOG,48.760304,16.187606
2017-03-31,48.760304,16.187606,-0.116019,16.940524,-0.069363,-0.069363,-470.090272,29.716382,-20.271464,-10.412217,NOG,50.72988,16.152975
2017-06-30,50.72988,16.152975,-0.370143,13.801859,-0.2699524375,-0.2699524375,-455.470976,0.027453,-22.30526,20.567836,NOG,57.657028,20.232782
2017-09-30,57.657028,20.232782,3.560334,-16.087467,2.243648,2.243648,-470.604448,35.837184,-32.869346,0.0,NOG,37.00228,-3.65951
2017-12-31,37.00228,-3.65951,9.188297,-23.848688,15.758313,15.758313,-490.840576,7.386043,-43.79368,131.81416,NOG,78.754776,38.046536
2018-03-31,78.754776,38.046536,15.106411,2.965097,11.253376,11.253376,-488.77648,45.520676,-58.021512,-0.209611,NOG,96.781832,46.2538
2018-06-30,96.781832,46.2538,24.222208,-96.546696,11.861444,11.861444,-147.820224,18.096208,-101.65796,195.013152,NOG,102.269216,35.59656
2018-09-30,102.269216,35.59656,58.746248,18.978572,47.551568,47.551568,11.209984,62.7993,-150.4108,-0.346739,NOG,443.195904,354.808832
2018-12-31,443.195904,354.808832,40.078924,218.292256,80.439504,80.439504,429.86496,117.846016,-164.42832,-64.025744,NOG,-6.934,-95.305
2019-03-31,-6.934,-95.305,37.328,-107.162,18.316,18.316,312.76,98.908,-77.913,-19.409,NOG,186.44,95.446
2019-06-30,186.44,95.446,45.81,44.399,45.464,45.464,389.64896,99.392,-113.228,12.686,NOG,233.883008,126.375
2019-09-30,233.883008,126.375,48.685,94.381,36.305,36.305,514.113984,71.023,-226.807008,154.892,NOG,59.012,-64.098
2019-12-31,59.012,-64.098,24.539,-107.939,-8.209412,-8.209412,558.643008,70.427,-151.18,94.919,NOG,506.784992,390.875008
2020-03-31,506.784992,390.875008,28.572,368.286016,21.696,21.696,1009.006944,100.654,-104.5,-3.71,NOG,98.106,28.085
2011-03-31,58.232,26.413,21.527,-6.847,14.30075,14.30075,544.915016,22.845,-200.788992,389.414016,OAS,63.066,29.81
2011-06-30,63.066,29.81,23.428,33.349,13.75085,13.75085,579.307984,79.25,-134.235008,0.0,OAS,87.417,40.49
2011-09-30,87.417,40.49,34.228,66.289,20.13445,20.13445,646.614976,37.587,-173.988,-0.003,OAS,117.866,55.83
2011-12-31,117.866,55.83,45.377,-13.401,30.1516,30.1516,634.237976,36.342,-120.378,391.307008,OAS,137.275008,57.227
2012-03-31,137.275008,57.227,43.926,16.441,27.92195,27.92195,651.089016,62.765,-245.132992,-1.206,OAS,147.89,61.214
2012-06-30,147.89,61.214,49.09,76.043,28.9882,28.9882,729.414024,109.095,-156.760992,-0.746,OAS,189.96,77.323
2012-09-30,189.96,77.323,52.242,18.314,32.92405,32.92405,750.363984,110.268,-461.548992,392.697984,OAS,218.088,91.355
2012-12-31,218.088,91.355,72.503,42.59,45.280352,45.280352,795.00496,110.258,-175.162,-1.952,OAS,249.99,120.137
2013-03-31,249.99,120.137,99.734,51.851,62.7684,62.7684,849.107008,170.547008,-217.824,-0.181,OAS,255.828,114.904
2013-06-30,255.828,114.904,93.806,67.119,59.879952,59.879952,919.213024,187.26,-188.467008,-3.181,OAS,297.431008,142.851008
2013-09-30,297.431008,142.851008,120.02,54.499,75.172896,75.172896,975.878016,178.874,-1355.25504,1140.220032,OAS,330.616992,119.541
2013-12-31,330.616992,119.541,77.924,54.49,48.6413,48.6413,1348.548992,161.175008,-683.529984,488.816,OAS,347.28,144.21
2014-03-31,347.28,144.21,104.205,169.952992,61.229448,61.229448,1519.982016,208.267008,34.901,-278.771008,OAS,360.972992,151.542
2014-06-30,360.972992,151.542,112.687,38.833,71.701552,71.701552,1564.024,277.987008,-346.952992,39.625,OAS,368.659008,135.499008
2014-09-30,368.659008,135.499008,118.299,143.844992,77.525504,77.525504,1690.086976,187.238,-395.062016,248.060992,OAS,331.219008,92.543
2014-12-31,331.219008,92.543,52.666,176.504,26.91365,26.91365,1872.300992,199.024,-370.337984,149.931008,OAS,289.646016,82.025
2015-03-31,289.646016,82.025,43.171,-18.041,26.5412,26.5412,2324.245056,88.361,-250.682,126.698,OAS,334.123008,123.182048
2015-06-30,334.123008,123.182048,85.968048,-53.23,53.98118,53.98118,2276.931968,141.524992,-123.818,-170.579008,OAS,275.335008,57.91
2015-09-30,275.335008,57.91,21.646,27.055,10.44172,10.44172,2309.48192,50.451,-75.858,180.356,OAS,261.040992,47.172
2015-12-31,261.040992,47.172,6.921,3.968,4.748824,4.748824,2319.341952,79.478,-28.79,-53.223,OAS,203.596,1.66
2016-03-31,203.596,1.66,-36.6,-64.455,-29.710808,-29.710808,2444.449024,-46.051,-30.355,86.073,OAS,209.556992,3.597
2016-06-30,209.556992,3.597,-31.414,-89.931,-20.41311,-20.41311,2360.355008,137.452,-85.058,-65.316,OAS,189.096992,-13.54
2016-09-30,189.096992,-13.54,-45.525,-33.942,-30.745486,-30.745486,2387.504,32.018,-96.758,72.041,OAS,224.392,5.414
2016-12-31,224.392,5.414,-29.475,-54.688,-19.059022,-19.059022,2923.156928,104.599,-858.657024,751.507968,OAS,277.156,14.814
2017-03-31,277.156,14.814,-21.491,23.825,-14.570124,-14.570124,2953.47392,107.799,-104.766,-0.474,OAS,253.152,7.64
2017-06-30,253.152,7.64,-29.364,16.568,-13.640198,-13.640198,2977.610048,102.062,-154.375008,49.968,OAS,312.843008,40.628
2017-09-30,312.843008,40.628,2.634,-41.064,-2.072744,-2.072744,3058.644984,88.876,-183.814,91.986,OAS,397.008992,77.735
2017-12-31,397.008992,77.735,40.869,128.117,25.073682,25.073682,3513.579072,209.139008,-271.804992,70.898,OAS,436.838016,76.104
2018-03-31,436.838016,76.104,38.775,3.712,26.69724,26.69724,3886.158032,228.359008,-812.568,585.224,OAS,513.902016,79.658
2018-06-30,513.902016,79.658,38.966,-316.300992,-86.044072,-86.044072,3574.250976,303.656992,-344.166016,39.846,OAS,481.257984,76.986
2018-09-30,481.257984,76.986,37.537,66.223,21.56594,21.56594,3644.082912,229.984992,-96.969,-133.196,OAS,548.24,28.377
2018-12-31,548.24,28.377,-13.117,226.866,-14.082147,-14.082147,3918.879872,234.42,-359.832992,130.711,OAS,589.177984,67.441
2019-03-31,589.177984,67.441,22.927,-107.978,-12.225294,-12.225294,3811.135072,174.926,-224.002,42.328,OAS,519.588,62.055
2019-06-30,519.588,62.055,19.148,51.174,14.573239,14.573239,3866.457904,214.006,-303.651008,94.461,OAS,475.62,22.07
2019-09-30,475.62,22.07,-21.354,30.311,-34.145008,-34.145008,3899.660896,250.962,-143.163008,-108.632,OAS,492.209984,42.805
2019-12-31,492.209984,42.805,-2.133,-64.154,-10.895823,-10.895823,3837.080992,252.959008,-157.94,-94.425,OAS,392.817984,-71.204
2020-03-31,392.817984,-71.204,-166.898,-4334.275072,-353.647488,-353.647488,-499.171936,107.775,-130.768,136.976,OAS,305.400992,131.191
2011-03-31,1818.0,349.0,376.0,-361.0,309.0,309.0,16915.000064,657.0,-1268.999936,121.0,OVV,1959.000064,560.0
2011-06-30,1959.000064,560.0,481.0,383.0,365.0,365.0,16990.000128,980.0,-1248.999936,277.0,OVV,1952.999936,619.0
2011-09-30,1952.999936,619.0,107.0,459.0,186.0,186.0,16578.999808,1284.999936,-1303.000064,157.0,OVV,1883.000064,486.0
2011-12-31,1883.000064,486.0,428.0,-476.0,232.0,232.0,8577.999872,1005.0,190.0,-749.0,OVV,1728.999936,381.0
2012-03-31,1728.999936,381.0,362.0,12.0,-33.0,-33.0,8472.999936,617.0,1638.0,-666.0,OVV,1526.0,374.0
2012-06-30,1526.0,374.0,142.0,-1482.0,760.0,760.0,6836.999936,631.0,-995.0,-147.0,OVV,1623.000064,443.0
2012-09-30,1623.000064,443.0,473.0,-1244.0,377.0,377.0,5519.000064,1142.0,-864.0,-148.0,OVV,1723.000064,547.0
2012-12-31,1723.000064,547.0,352.0,-80.0,292.0,292.0,5295.000064,717.0,582.0,-150.0,OVV,1444.999936,235.0
2013-03-31,1444.999936,235.0,-3.0,-431.0,-165.0,-165.0,4701.999872,338.0,-454.0,-149.0,OVV,1523.000064,321.0
2013-06-30,1523.000064,321.0,17.0,730.0,398.0,398.0,5308.000256,554.0,-363.0,-109.0,OVV,1518.0,325.0
2013-09-30,1518.0,325.0,288.0,188.0,293.0,293.0,5412.999936,935.0,-522.0,-107.0,OVV,1719.000064,443.0
2013-12-31,1719.000064,443.0,140.0,-251.0,22.0,22.0,5147.000064,462.0,-556.0,-544.0,OVV,2176.0,816.0
2014-03-31,2176.0,816.0,444.0,116.0,329.0,329.0,5234.000128,943.0,-446.0,-845.0,OVV,1580.999936,322.0
2014-06-30,1580.999936,322.0,364.0,281.0,118.06,118.06,6929.0,767.0,-1488.999936,1171.000064,OVV,2052.0,452.0
2014-09-30,2052.0,452.0,117.0,2831.000064,271.335008,271.335008,9497.999872,696.0,3804.999936,-95.0,OVV,1754.0,333.0
2014-12-31,1754.0,333.0,-131.0,198.0,-128.0,-128.0,9685.000192,261.0,-6599.000064,-270.0,OVV,1376.999936,166.0
2015-03-31,1376.999936,166.0,-616.0,-1707.000064,-397.0,-397.0,9517.000192,482.0,268.0,968.0,OVV,1123.000064,225.0
2015-06-30,1123.000064,225.0,29.0,-1610.0,-86.0,-86.0,7816.999936,298.0,-681.0,-1170.0,OVV,1128.0,119.0
2015-09-30,1128.0,119.0,-331.0,-1236.0,-232.475008,-232.475008,6719.000064,453.0,-544.0,-36.0,OVV,1119.000064,218.0
2015-12-31,1119.000064,218.0,-77.0,-612.0,-27.0,-27.0,6166.999808,448.0,292.0,-816.0,OVV,807.0,-45.0
2016-03-31,807.0,-45.0,229.0,-379.0,220.0,220.0,5504.999808,157.0,-342.0,127.0,OVV,821.0,23.0
2016-06-30,821.0,23.0,-131.0,-601.0,41.0,41.0,4906.999744,83.0,-272.0,260.0,OVV,937.0,89.0
2016-09-30,937.0,89.0,-55.0,317.0,-2.0,-2.0,6232.000128,186.0,830.0,-542.0,OVV,989.0,96.0
2016-12-31,989.0,96.0,-98.0,-281.0,362.0,362.0,6125.999872,199.0,-245.0,117.0,OVV,927.0,127.0
2017-03-31,927.0,127.0,73.0,431.0,132.146832,132.146832,6524.999872,106.0,-387.0,-31.0,OVV,1083.000064,321.0
2017-06-30,1083.000064,321.0,217.0,331.0,234.988432,234.988432,6782.999872,218.0,-311.0,-38.0,OVV,861.0,-4.0
2017-09-30,861.0,-4.0,192.0,294.0,126.833024,126.833024,6964.999808,357.0,164.0,-35.0,OVV,1164.0,216.0
2017-12-31,1164.0,216.0,102.0,-229.0,125.692304,125.692304,6727.999808,369.0,-503.0,-35.0,OVV,1244.999936,269.0
2018-03-31,1244.999936,269.0,89.0,151.0,138.758624,138.758624,6775.999936,381.0,-516.0,-148.0,OVV,1308.999936,210.0
2018-06-30,1308.999936,210.0,104.0,-151.0,166.717088,166.717088,6497.0,475.0,-444.0,-126.0,OVV,1262.0,119.0
2018-09-30,1262.0,119.0,209.0,39.0,184.257136,184.257136,6494.000192,885.0,-522.0,-87.0,OVV,2380.999936,1354.0
2018-12-31,2380.999936,1354.0,237.0,1030.0,241.374128,241.374128,7447.000064,559.0,-73.0,-35.0,OVV,1235.000064,-113.0
2019-03-31,1235.000064,-113.0,236.0,-245.0,209.017296,209.017296,10360.000512,529.0,-608.0,-448.0,OVV,2055.000064,555.0
2019-06-30,2055.000064,555.0,431.0,336.0,308.892864,308.892864,10014.999808,906.0,-795.0,-422.0,OVV,1871.000064,319.0
2019-09-30,1871.000064,319.0,232.0,149.0,171.716048,171.716048,9921.000064,756.0,-562.0,-280.0,OVV,1564.999936,-24.0
2019-12-31,1564.999936,-24.0,282.0,-6.0,247.69128,247.69128,9930.000128,730.0,-591.0,-88.0,OVV,2643.000064,1036.0
2020-03-31,2643.000064,1036.0,-77.0,421.0,-49.734084,-49.734084,10191.000064,566.0,-655.0,9.0,OVV,726.0,-728.0
2011-03-31,79.643,1.251,-7.802,-23.247,-4.74255,-4.74255,624.600992,15.476,-61.228,6.079,PDCE,88.217,1.799
2011-06-30,88.217,1.799,-7.266,8.165,-3.14465,-3.14465,637.390976,56.118,-78.523,14.477,PDCE,95.87,18.658
2011-09-30,95.87,18.658,8.826,30.868,5.33335,5.33335,671.205008,33.873,-180.420992,172.087008,PDCE,103.383,16.213
2011-12-31,103.383,16.213,6.853,-12.708,5.0508,5.0508,664.112,61.367,-136.228992,50.79,PDCE,89.432,20.186
2012-03-31,89.432,20.186,9.744,6.764,6.0721,6.0721,681.232,44.299,67.617,-118.499,PDCE,61.011,-1.175
2012-06-30,61.011,-1.175,-11.228,19.178,-12.1795,-12.1795,858.843968,25.396,-360.247008,339.152,PDCE,77.758,11.996
2012-09-30,77.758,11.996,0.639,-28.011,-0.901,-0.901,828.810016,39.983,-84.415,41.383,PDCE,93.302,8.599
2012-12-31,93.302,8.599,-7.828,-19.626,-4.25235,-4.25235,703.180992,65.043,-74.894,9.401,PDCE,102.655,27.16
2013-03-31,102.655,27.16,13.803,-40.955,8.34765,8.34765,665.905024,44.262,-54.256,10.031,PDCE,100.484,20.051
2013-06-30,100.484,20.051,6.965,16.502,4.55145,4.55145,688.128,-2.236,95.67,-52.716,PDCE,93.902,14.708
2013-09-30,93.902,14.708,2.881,-13.907,2.3684,2.3684,951.098016,77.517,-110.944,288.703008,PDCE,145.764,41.714
2013-12-31,145.764,41.714,29.108,13.199,18.14545,18.14545,967.593984,39.622,-147.578,2.711,PDCE,140.328,28.854
2014-03-31,140.328,28.854,16.858,-1.408,10.03085,10.03085,968.136032,80.491,-134.988992,8.449,PDCE,144.132992,28.539
2014-06-30,144.132992,28.539,16.427,-29.378,-15.29505,-15.29505,943.270976,51.099,-157.21,-0.726,PDCE,129.884,8.467
2014-09-30,129.884,8.467,-3.315,54.077,-6.2352,-6.2352,1002.022976,70.375,-157.295008,65.301,PDCE,110.048,-1.055
2014-12-31,110.048,-1.055,-11.717,83.97,-12.37635,-12.37635,1137.359008,34.724,-26.72,-12.755,PDCE,128.382,24.61
2015-03-31,128.382,24.61,13.998,17.062,8.61295,8.61295,1360.230016,81.877,-176.087008,145.638,PDCE,144.05,29.102
2015-06-30,144.05,29.102,18.67,-46.87,12.4979,12.4979,1316.586976,64.58,-181.804992,51.107,PDCE,175.544,45.958
2015-09-30,175.544,45.958,35.244,-41.494,24.15565,24.15565,1279.735968,136.548992,-130.825,-3.41,PDCE,183.134,31.11
2015-12-31,183.134,31.11,20.104,3.022,23.2365,23.2365,1287.196992,-33.553,-115.546,-15.361,PDCE,146.606,-1.641
2016-03-31,146.606,-1.641,-12.008,-71.53,-7.37895,-7.37895,1516.44896,101.15,-122.669,259.214,PDCE,166.198,7.249
2016-06-30,166.198,7.249,-3.246,-95.45,-2.1705,-2.1705,1424.565024,96.648,-108.135,-117.959,PDCE,192.220992,13.757
2016-09-30,192.220992,13.757,-6.296,-23.309,-5.3449,-5.3449,1986.06,163.032992,-217.972992,1143.533056,PDCE,211.73,36.991
2016-12-31,211.73,36.991,16.833,-55.639,13.17585,13.17585,2622.753888,125.432,-1060.348992,-18.675,PDCE,193.554,13.583
2017-03-31,193.554,13.583,-5.644,46.146,-2.68555,-2.68555,2671.176896,139.5,-173.619008,-2.357,PDCE,229.240992,65.753
2017-06-30,229.240992,65.753,46.904,41.25,30.1051,30.1051,2714.442048,132.947,-125.468,-3.562,PDCE,244.998,-6.529
2017-09-30,244.998,-6.529,-25.325,-292.536992,-14.6123,-14.6123,2426.601912,148.204992,-213.71,-0.357,PDCE,271.083008,66.443
2017-12-31,271.083008,66.443,46.882,77.637,34.816952,34.816952,2507.648896,177.160992,-204.188992,71.274,PDCE,281.801984,55.498
2018-03-31,281.801984,55.498,38.117,-13.139,30.3108,30.3108,2497.374008,205.148992,-338.516,-2.634,PDCE,312.248992,70.682
2018-06-30,312.248992,70.682,53.341,-160.256992,41.313368,41.313368,2340.30592,175.708,-235.567008,15.361,PDCE,327.015008,60.028
2018-09-30,327.015008,60.028,42.594,-3.434,34.61474,34.61474,2342.244048,196.976992,-249.592,52.559,PDCE,366.817984,89.554
2018-12-31,366.817984,89.554,71.393,178.852992,59.72898,59.72898,2526.707968,311.468,-264.252,-47.187,PDCE,316.121984,48.508
2019-03-31,316.121984,48.508,31.54,-120.176,23.95374,23.95374,2409.755032,157.1,-246.911008,89.525,PDCE,330.116,44.568
2019-06-30,330.116,44.568,25.668,68.548,18.65725,18.65725,2378.405896,260.383008,-77.141,-190.880992,PDCE,312.920992,35.398
2019-09-30,312.920992,35.398,17.587,15.908,10.29881,10.29881,2359.755104,233.488992,-248.168,17.772,PDCE,342.209984,76.147
2019-12-31,342.209984,76.147,58.727,-20.952,38.5515,38.5515,2335.506952,182.500992,-80.799,-105.306,PDCE,368.155008,43.433
2020-03-31,368.155008,43.433,19.235,-465.015008,-63.707952,-63.707952,2859.963968,266.280992,-330.18,124.18,PDCE,289.996992,39.462
2011-03-31,74.847,-22.247,-35.587,-26.34,-23.1199,-23.1199,954.501984,29.436,-100.269,-1.738,PVAC,78.677,-4.531
2011-06-30,78.677,-4.531,-18.545,-71.918,-11.19565,-11.19565,881.606976,34.323,-110.016,58.034,PVAC,91.809,1.278
2011-09-30,91.809,1.278,-12.867,-6.718,-6.7336,-6.7336,874.362992,39.405,-76.812,10.303,PVAC,84.482,2.026
2011-12-31,84.482,2.026,-12.356,-27.939,0.2489,0.2489,846.309024,41.577,-119.058,81.416,PVAC,91.636,3.803
2012-03-31,91.636,3.803,-18.951,-11.899,-12.19215,-12.19215,833.460992,70.701,-93.691,17.414,PVAC,83.737,-2.683
2012-06-30,83.737,-2.683,-24.709,-5.638,-15.6714,-15.6714,826.587992,45.024,-93.838,58.41,PVAC,85.364,2.644
2012-09-30,85.364,2.644,-21.513,-32.611,-10.9621,-10.9621,795.282016,74.489,23.791,-104.779,PVAC,81.853,-2.305
2012-12-31,81.853,-2.305,-22.314,-54.441,-9.99075,-11.67775,895.116,51.244,-110.27,71.643,PVAC,87.304,1.147
2013-03-31,87.304,1.147,-16.862,-16.383,-10.9815,-12.7065,877.693024,45.615,-85.095,36.252,PVAC,111.632,7.613
2013-06-30,111.632,7.613,-16.411,-25.438,-10.67715,-12.40215,895.387016,84.136,-537.905984,458.438016,PVAC,117.634,20.459
2013-09-30,117.634,20.459,4.441,-98.9,2.79055,1.06555,795.783024,95.083,-134.572,58.72,PVAC,114.122,13.216
2013-12-31,114.122,13.216,-6.385,-2.349,-3.59505,-5.32005,788.803976,36.678,-127.378,75.853,PVAC,129.982,12.02
2014-03-31,129.982,12.02,-10.513,19.225,-9.3763,-11.0983,808.243016,66.56,-63.84,-16.64,PVAC,132.19,20.222
2014-06-30,132.19,20.222,4.245,-100.784,4.35025,-0.73575,1016.391984,32.633,-190.108,173.016,PVAC,134.319008,21.249
2014-09-30,134.319008,21.249,0.645,89.661,4.42715,-4.10185,1098.666984,101.257,54.542,-57.204,PVAC,112.089,-4.107
2014-12-31,112.089,-4.107,-25.268,-417.694016,-77.246752,-83.313752,675.817024,82.274,-227.088,27.376,PVAC,112.11,-23.908
2015-03-31,112.11,-23.908,-83.415,-57.165,-74.319152,-80.386152,613.564032,45.552,-168.878,120.933,PVAC,118.39,-2.33
2015-06-30,118.39,-2.33,-25.893,-80.129,-26.628428,-32.695428,527.918016,52.729,-95.336,43.189,PVAC,93.414,-13.693
2015-09-30,93.414,-13.693,-36.722,25.9,-14.3987,-20.3337,555.071008,63.96,13.008,-78.067,PVAC,78.218,-17.821
2015-12-31,78.218,-17.821,-43.752,-1471.566976,-55.94252,-60.66252,-915.120992,7.062,-28.449,30.0,PVAC,61.209,30.506
2016-03-31,61.209,30.506,-47.086,-33.473,-42.321448,-45.473448,-949.221888,28.531,-13.879,-0.075,PVAC,52.635,23.129
2016-06-30,52.635,23.129,-9.098,-61.98,-27.6067,-30.4267,-1014.534016,17.242,0.616,-5.393,PVAC,33.562,-3.027
2016-09-30,33.562,-3.027,-6.753,1146.614016,-6.753,-6.753,378.349008,-11.946,-0.686,-12.371,PVAC,33.087,10.571
2016-12-31,33.087,10.571,10.715,-1.855,6.3155,6.3155,185.548008,27.194,-4.916,-29.511,PVAC,32.929,9.546
2017-03-31,32.929,9.546,8.988,28.081,15.6408,15.6408,214.79,9.142,-17.741,4.97,PVAC,35.95,11.128
2017-06-30,35.95,11.128,9.936,21.329,9.936,9.936,236.695992,26.875,-25.842,5.94,PVAC,35.238,9.831
2017-09-30,35.238,9.831,8.612,-5.947,8.612,8.612,231.762,13.951,-224.096992,207.528,PVAC,54.303,21.053
2017-12-31,54.303,21.053,15.847,-10.801,9.73315,9.73315,221.638992,31.416,-47.661,19.775,PVAC,69.56,26.942
2018-03-31,69.56,26.942,22.283,10.295,22.283,22.283,230.264,38.682,-159.626,117.246,PVAC,99.175,43.537
2018-06-30,99.175,43.537,37.371,-2.521,37.371,37.371,228.612008,81.736,-126.034,48.5,PVAC,111.969,48.864
2018-09-30,111.969,48.864,41.783,16.276,41.783,41.783,245.908008,72.487,-114.997,39.0,PVAC,125.114,58.608
2018-12-31,125.114,58.608,39.218,200.735008,39.218,39.218,447.354992,79.227,-107.639,38.265,PVAC,105.203,39.367
2019-03-31,105.203,39.367,34.389,-38.697,34.413,34.413,408.944,69.259,-86.468,4.0,PVAC,114.45,39.647
2019-06-30,114.45,39.647,30.599,51.625,29.781,29.781,461.554,85.103,-89.444,12.482,PVAC,118.804,39.54
2019-09-30,118.804,39.54,30.556,54.362,29.614,29.614,516.658,89.851,-121.562,30.302,PVAC,124.224,50.532
2019-12-31,124.224,50.532,41.972,3.299,41.571,41.571,520.744992,75.981,-71.57,-8.0,PVAC,91.104,21.026
2020-03-31,91.104,21.026,28.537,163.094,28.347,28.347,684.318992,72.473,-61.94,37.0,PVAC,-13.403,-75.841
2011-03-31,507.105984,166.994,156.454,-76.078,95.720848,89.580848,4553.566992,143.214,334.168,-67.891,PXD,610.670016,251.236992
2011-06-30,610.670016,251.236992,191.080992,267.284,114.352096,109.505104,4815.963968,421.24,-576.019968,-13.45,PXD,648.158016,276.681984
2011-09-30,648.158016,276.681984,238.432992,385.268,158.486256,151.500256,5196.666944,465.584,-613.001024,5.561,PXD,718.350976,254.912992
2011-12-31,718.350976,254.912992,212.802,-115.444,153.000848,152.884848,5651.138112,499.676,-705.934016,533.176992,PXD,782.652992,274.727008
2012-03-31,782.652992,274.727008,256.514,210.263008,157.052048,154.604048,5832.67104,426.086016,-679.665984,33.014,PXD,798.444992,270.960992
2012-06-30,798.444992,270.960992,227.996,-51.554,136.691008,136.426,5756.97584,499.324,-1142.4,643.926976,PXD,829.420992,268.443008
2012-09-30,829.420992,268.443008,224.258,-10.596,124.4698,124.1128,5800.10904,432.06,-694.022976,278.08,PXD,788.632,244.724
2012-12-31,788.632,244.724,223.122,129.144,112.036896,112.036896,5867.308112,480.107008,-740.321024,155.724,PXD,839.0,286.0
2013-03-31,839.0,286.0,215.0,93.0,133.709,132.709,7266.071008,360.0,-707.0,548.0,PXD,879.209024,283.790016
2013-06-30,879.209024,283.790016,242.144,351.473984,158.052992,153.468992,7648.156752,575.785984,-106.52,-203.939008,PXD,936.556032,305.556
2013-09-30,936.556032,305.556,268.556,79.0,164.3,163.3,7762.75104,669.139968,-648.304,27.935,PXD,978.4,257.4
2013-12-31,978.4,257.4,141.947008,-868.0,100.565552,100.565552,6614.999872,541.0,-678.0,-214.0,PXD,1019.0,316.0
2014-03-31,1019.0,316.0,276.0,145.0,195.44,194.44,6723.999808,466.0,-626.0,24.0,PXD,1136.999936,343.0
2014-06-30,1136.999936,343.0,399.0,55.0,257.8,257.8,6749.999936,717.0,-477.0,-52.0,PXD,1172.0,355.0
2014-09-30,1172.0,355.0,311.0,411.0,196.3,192.3,7152.999808,615.0,-525.0,15.0,PXD,1099.000064,138.0
2014-12-31,1099.000064,138.0,99.0,429.0,66.95,61.95,8588.999936,568.0,-1071.0,978.0,PXD,826.0,36.0
2015-03-31,826.0,36.0,-3.0,-74.0,-9.65,-9.65,8499.000064,104.0,-717.0,-29.0,PXD,982.0,55.0
2015-06-30,982.0,55.0,20.0,-217.0,17.25,17.25,8308.000192,328.0,-489.0,-3.0,PXD,1120.999936,26.0
2015-09-30,1120.999936,26.0,-17.0,648.0,-4.4,-10.4,8981.000128,357.0,-2.0,7.0,PXD,1088.999936,-1.0
2015-12-31,1088.999936,-1.0,-44.0,-622.0,-18.15,-18.15,8375.000256,466.0,-632.0,976.0,PXD,850.0,-106.846152
2016-03-31,850.0,-106.846152,-153.84616,-267.0,-105.3,-105.3,9695.000128,110.0,-1463.000064,1574.0,PXD,1140.0,1.0
2016-06-30,1140.0,1.0,-49.0,-268.0,-36.35,-36.35,10385.99968,409.0,-1126.0,930.0,PXD,1271.000064,79.0
2016-09-30,1271.000064,79.0,36.0,22.0,80.35,80.35,10431.000256,440.0,-925.0,-449.0,PXD,1239.000064,172.0
2016-12-31,1239.000064,172.0,138.0,-44.0,85.65,85.65,10411.000128,540.0,-306.0,-7.0,PXD,1135.000064,93.0
2017-03-31,1135.000064,93.0,60.0,-42.0,42.85,42.85,10347.99968,364.0,-298.0,-521.0,PXD,1140.999936,68.0
2017-06-30,1140.999936,68.0,49.0,233.0,38.0,38.0,10601.999808,483.0,-479.0,-7.0,PXD,1311.000064,147.0
2017-09-30,1311.000064,147.0,127.0,-23.0,80.0,80.0,10596.999552,454.0,-485.0,7.0,PXD,1778.0,349.0
2017-12-31,1778.0,349.0,324.0,665.0,207.05,202.05,11278.999872,798.0,-530.0,-8.0,PXD,2264.0,378.0
2018-03-31,2264.0,378.0,360.0,178.0,280.84,279.84,11402.000448,555.0,-405.0,-45.0,PXD,2240.999936,348.860768
2018-06-30,2240.999936,348.860768,-110.13924,63.0,258.01,258.01,11483.999872,899.0,-619.0,-489.0,PXD,2275.000064,479.518976
2018-09-30,2275.000064,479.518976,555.518976,411.0,355.0,357.0,11894.000384,872.0,-751.0,6.0,PXD,2036.999936,285.0
2018-12-31,2036.999936,285.0,256.0,324.0,202.0,200.0,12110.999552,916.0,-835.0,-175.0,PXD,2248.0,438.0
2019-03-31,2248.0,438.0,409.0,350.0,322.64,320.64,12208.999936,604.0,-695.0,-223.0,PXD,2384.999936,414.0
2019-06-30,2384.999936,414.0,374.0,-169.0,398.369984,398.369984,11875.999744,789.0,-325.0,-257.0,PXD,2430.000128,443.0
2019-09-30,2430.000128,443.0,414.0,231.0,332.790016,333.790016,11856.000512,894.0,-894.0,-205.0,PXD,2654.000128,456.0
2019-12-31,2654.000128,456.0,540.0,361.0,417.089984,417.089984,12135.999744,828.0,-533.0,-103.0,PXD,2051.000064,249.0
2020-03-31,2051.000064,249.0,991.0,291.0,132.0,132.0,12211.00032,825.0,-681.0,9.0,PXD,1268.999936,-95.0
2012-03-31,0.328003,-0.589127,-0.682962,-0.630274,-0.6645211875,-0.6645211875,9.491683,-0.116525,-0.295629,0.525,REI,0.0,0.0
2013-03-31,1.151957,-0.96528,-0.96528,-0.96528,-0.96528,-0.96528,26.500194,-0.373422,-1.483066,0.45,REI,1.291579,-0.890393
2013-06-30,1.291579,-0.890393,-0.890393,-0.890393,-0.890393,-0.890393,45.033029,1.743887,-5.846918,18.537272,REI,2.820731,-0.143735
2013-09-30,2.820731,-0.143735,-0.131493,-0.131493,-0.131493,-0.131493,45.789472,3.679061,-14.234975,-0.00839,REI,5.051434,1.610084
2013-12-31,5.051434,1.610084,1.612658,1.534957,1.534957,1.534957,102.605717,3.066882,-12.874223,54.290308,REI,5.970452,1.824355
2014-03-31,5.970452,1.824355,1.867128,1.163689,1.176691,1.176691,104.389654,7.525475,-22.103992,-0.039219,REI,11.204238,4.459373
2014-06-30,11.204238,4.459373,4.478949,2.821738,2.821738,2.821738,136.580344,5.507301,-26.433646,28.728852,REI,10.929771,2.724204
2014-09-30,10.929771,2.724204,2.740428,1.726469,1.726469,1.726469,139.206701,8.955711,-25.47586,0.051644,REI,9.984982,3.582346
2014-12-31,9.984982,3.582346,3.589737,2.708604,2.708604,2.708604,142.542537,11.759578,-32.1926,-0.01159,REI,6.045701,-1.549389
2015-03-31,6.045701,-1.549389,-1.548609,-0.975624,-0.975624,-0.975624,142.284097,-6.048585,-9.786025,10.0625,REI,8.97679,1.019686
2015-06-30,8.97679,1.019686,0.940683,0.534167,0.534167,0.534167,192.390488,3.130929,-80.029232,79.815744,REI,8.629007,-1.473514
2015-09-30,8.629007,-1.473514,-1.82242,-1.138268,-1.138268,-1.138268,193.094796,3.54015,-9.343233,1.191609,REI,7.362394,-1.998914
2015-12-31,7.362394,-1.998914,-2.313935,-7.473046,-1.420114,-1.420114,186.231126,8.775058,-10.5046,5.0048,REI,6.092388,-2.421394
2016-03-31,6.092388,-2.421394,-2.834015,-15.275044,-1.357188125,-1.357188125,171.562914,-1.741026,-3.901658,5.0225,REI,7.104609,-0.064099
2016-06-30,7.104609,-0.064099,-0.076471,-15.9415,0.6022921875,0.6022921875,217.294056,-1.228159,-4.519292,10.264997,REI,7.822543,0.527741
2016-09-30,7.822543,0.527741,0.438294,-5.944137,0.3276753125,0.3276753125,211.895164,7.864459,-13.933838,-0.010326,REI,9.830708,1.438007
2016-12-31,9.830708,1.438007,1.359936,-0.477006,-0.477006,-0.477006,290.54096,6.319123,-15.985057,78.503312,REI,12.243793,2.502852
2017-03-31,12.243793,2.502852,2.619531,1.279281,1.279281,1.279281,294.260384,11.016572,-26.537288,-0.147537,REI,14.503309,2.621612
2017-06-30,14.503309,2.621612,2.668923,1.910763,1.910763,1.910763,296.973576,7.105076,-50.377164,-0.009663,REI,16.64393,4.292081
2017-09-30,16.64393,4.292081,4.377634,3.07376,3.03097175,3.03097175,360.268648,10.180948,-40.702768,59.261592,REI,23.188772,6.430699
2017-12-31,23.188772,6.430699,6.472239,-4.509935,5.065539,5.065539,356.603356,14.503608,-40.295744,-0.077437,REI,28.416364,9.460094
2018-03-31,28.416364,9.460094,9.424564,5.665634,6.290288,6.290288,445.172252,-13.664164,-36.128384,81.822064,REI,27.522456,6.995133
2018-06-30,27.522456,6.995133,7.078124,4.719806,5.5882315,5.5882315,450.891388,46.941976,-80.543936,-0.002993,REI,29.964404,6.892256
2018-09-30,29.964404,6.892256,6.857223,5.693628,6.1412805,6.1412805,457.58876,18.726532,-45.382784,16.995948,REI,23.008432,-0.367937
2018-12-31,23.008432,-0.367937,-0.710408,-7.079308,-0.9588628125,-0.9588628125,462.599436,18.352976,-41.366208,22.606116,REI,41.798316,10.235485
2019-03-31,41.798316,10.235485,9.474704,4.26926,4.538401,4.538401,474.523342,9.829915,-55.586872,45.0,REI,51.334224,17.636416
2019-06-30,51.334224,17.636416,13.377767,11.342597,8.924834,8.924834,516.063716,25.581828,-293.585536,275.975936,REI,50.339104,14.34241
2019-09-30,50.339104,14.34241,9.78591,8.858,7.3748795,7.3748795,526.744904,27.176468,-36.093752,5.93739,REI,52.231184,17.922018
2019-12-31,52.231184,17.922018,1.51192,5.026694,0.233771109375,0.233771109375,523.509938,44.028008,-37.774088,-3.848388,REI,39.570328,10.081718
2020-03-31,39.570328,10.081718,9.167353,43.80412,6.60564,6.60564,567.987848,27.537758,-24.943186,-0.067806,REI,10.636593,-8.907754
2011-03-31,251.987008,27.317,3.904,-33.431,3.7698,3.7698,2183.617984,140.622,-271.828992,130.04,RRC,282.844,94.891
2011-06-30,282.844,94.891,64.542,45.776,36.716952,36.716952,2244.926976,168.883008,521.073984,-402.799008,RRC,315.414016,90.157
2011-09-30,315.414016,90.157,45.234,33.186,26.3662,26.3662,2323.75296,138.84,-392.249984,16.455,RRC,349.478016,105.931
2011-12-31,349.478016,105.931,73.209,-2.989,46.463648,46.463648,2392.420032,161.15,-404.976,169.892,RRC,314.384992,75.797
2012-03-31,314.384992,75.797,46.421,-41.8,33.6416,33.6416,2393.088928,155.976992,-443.859008,410.688,RRC,315.787008,49.675
2012-06-30,315.787008,49.675,-5.411,55.676,-9.3851,-9.3851,2416.721024,126.969,-475.847008,226.138,RRC,357.184,60.997
2012-09-30,357.184,60.997,-0.625,-53.836,-0.35075,-0.35075,2281.827008,178.176992,-389.988,211.804,RRC,418.342016,131.649
2012-12-31,418.342016,131.649,70.372,52.962,44.8019,44.8019,2357.392,185.976,-218.864,32.989,RRC,419.662016,73.459
2013-03-31,419.662016,73.459,30.867,-75.61,24.26705,24.26705,2257.391968,201.248992,-241.004992,39.698,RRC,430.543008,128.779
2013-06-30,430.543008,128.779,105.474,143.983008,55.581048,55.581048,2385.782976,78.64,-87.087,8.537,RRC,469.433984,121.465
2013-09-30,469.433984,121.465,84.095,19.178,53.661152,53.661152,2391.001024,222.976992,-343.040992,120.035,RRC,481.436992,130.142
2013-12-31,481.436992,130.142,62.223,28.171,68.714752,68.714752,2414.452032,240.672,-312.303008,71.724,RRC,511.753984,161.694
2014-03-31,511.753984,161.694,116.293,32.521,74.650752,74.650752,2449.681056,181.220992,-276.236992,94.914,RRC,552.086976,180.878
2014-06-30,552.086976,180.878,135.39,171.388992,71.305248,71.305248,3020.174144,260.302,-236.372,-23.884,RRC,553.012992,235.122
2014-09-30,553.012992,235.122,195.934,146.418,117.814096,117.814096,3168.916992,213.415008,-359.328992,146.09,RRC,527.256992,160.364992
2014-12-31,527.256992,160.364992,121.465,284.054016,70.439952,65.654952,3457.428928,319.415008,-373.518016,54.083,RRC,437.457984,80.575
2015-03-31,437.457984,80.575,41.368,27.684,22.0407,22.0407,3489.456,210.638,-377.66,167.092992,RRC,404.617984,35.199
2015-06-30,404.617984,35.199,-133.506,-118.594,-88.003048,-88.003048,3381.414144,159.504,-327.208992,167.707008,RRC,415.857984,82.082
2015-09-30,415.857984,82.082,39.178,-300.948,7.74155,7.74155,3084.681984,145.418,-241.124992,95.676,RRC,455.892,119.611
2015-12-31,455.892,119.611,78.762,-321.827008,45.3424,45.3424,2759.65792,175.842,727.222016,-903.083008,RRC,353.971008,-18.936
2016-03-31,353.971008,-18.936,-56.675,-93.772,-42.374552,-42.374552,2671.344064,90.785,-14.893,-75.834,RRC,362.672992,-42.392
2016-06-30,362.672992,-42.392,-80.15,-224.936,-46.6579,-46.6579,2464.927072,82.416,-59.389,-23.174,RRC,401.764,21.58
2016-09-30,401.764,21.58,-24.387,-41.971,-16.578368,-16.578368,5460.812952,32.636,-92.455,59.979,RRC,590.257984,134.1
2016-12-31,590.257984,134.1,87.351,-160.708992,62.657648,62.657648,5408.36808,181.231008,-142.098,-39.361,RRC,606.916992,144.762
2017-03-31,606.916992,144.762,97.661,170.111008,60.351876,60.351876,5582.476168,225.862,-193.120992,-32.51,RRC,565.302016,72.188
2017-06-30,565.302016,72.188,24.262,69.55,15.209142,15.209142,5661.891032,185.466,-288.496992,103.006,RRC,587.515008,66.629
2017-09-30,587.515008,66.629,17.45,-127.7,10.077769,10.077769,5537.479912,189.204,-310.175008,120.98,RRC,651.062976,111.854
2017-12-31,651.062976,111.854,60.381,221.184992,33.139768,33.139768,5774.272256,215.722,-347.264,131.461,RRC,765.532992,186.435008
2018-03-31,765.532992,186.435008,134.05,49.238,93.582264,93.582264,5834.59216,370.572,-335.42,-35.073,RRC,745.198976,105.758
2018-06-30,745.198976,105.758,51.896,-79.836,38.06554,38.06554,5764.035088,174.943008,-290.220992,115.166,RRC,810.894016,133.442
2018-09-30,810.894016,133.442,78.641,48.539,58.594144,58.594144,5817.288112,229.432,-180.907008,-48.583,RRC,880.689024,131.409
2018-12-31,880.689024,131.409,82.248,-1764.422016,80.454552,80.454552,4059.431168,215.743008,111.114,-326.668992,RRC,834.702016,158.763008
2019-03-31,834.702016,158.763008,107.226,1.419,79.902568,79.902568,4062.663168,260.694,-211.959008,-48.792,RRC,689.691008,57.008
2019-06-30,689.691008,57.008,5.281,115.185,3.9664275,3.9664275,4182.2528,184.822,-163.954,-20.849,RRC,627.777024,28.057
2019-09-30,627.777024,28.057,-18.94,-27.581,-18.284,-18.284,4158.192256,103.915,574.089984,-678.158016,RRC,637.148032,62.976
2019-12-31,637.148032,62.976,18.952,-1805.319936,-62.9715,-62.9715,2347.488256,132.412,-158.699008,26.479,RRC,560.673984,46.343
2020-03-31,560.673984,46.343,-1.175,166.195008,-3.8216015,-3.8216015,2474.58816,124.506,-139.864992,15.341,RRC,502.348992,-7.378
2011-03-31,144.078,40.881,32.493,20.249,20.249,20.249,903.882992,61.815,-126.898,-1.52,SBOW,157.428,50.494
2011-06-30,157.428,50.494,41.872,26.682,26.682,26.682,950.199008,125.162,-112.849,0.221,SBOW,142.532,35.834
2011-09-30,142.532,35.834,27.395,17.007,17.007,17.007,971.49296,101.542,-117.923,0.082,SBOW,155.092992,43.461
2011-12-31,155.092992,43.461,33.344,20.672,20.672,20.672,996.508992,84.537,-92.378,243.538,SBOW,135.878,19.347
2012-03-31,135.878,19.347,5.882,3.57,3.57,3.57,1005.643008,63.783,-187.383008,-1.307,SBOW,134.756992,18.434
2012-06-30,134.756992,18.434,5.115,3.028,3.028,3.028,1013.687008,91.896,-187.086,0.072,SBOW,128.75,19.306
2012-09-30,128.75,19.306,5.544,3.122,3.122,3.122,1021.359968,68.005,-200.719008,102.693,SBOW,157.904992,36.794
2012-12-31,157.904992,36.794,20.037,11.219,11.219,11.219,1036.859968,90.922,-182.039008,89.637,SBOW,146.236992,28.388
2013-03-31,146.236992,28.388,11.586,7.209,7.209,7.209,1048.286016,62.223,-131.982,69.837,SBOW,142.466,28.015
2013-06-30,142.466,28.015,11.015,6.722,6.722,6.722,1059.590016,87.308,-126.494,50.276,SBOW,150.932992,30.479
2013-09-30,150.932992,30.479,12.984,7.359,7.359,7.359,1072.082976,76.076,-170.256,82.939,SBOW,146.008992,28.212
2013-12-31,146.008992,28.212,10.127,-41.849,6.19315,6.19315,1065.350016,85.84,-104.645,21.985,SBOW,144.18,30.156
2014-03-31,144.18,30.156,11.707,5.442,5.442,5.442,1043.647968,69.699,-105.554,32.669,SBOW,155.720992,32.308
2014-06-30,155.720992,32.308,13.659,8.038,8.038,8.038,1054.463008,100.604,-103.39,3.259,SBOW,138.794,23.672
2014-09-30,138.794,23.672,5.475,2.474,2.474,2.474,1090.348992,81.872,25.663,-99.058,SBOW,110.488,0.895
2014-12-31,110.488,0.895,-17.017,-298.169984,-10.87,-10.87,794.378,54.196,-58.02,-4.811,SBOW,68.337,-35.771
2015-03-31,68.337,-35.771,-53.999,-477.076992,-36.544,-36.544,319.434016,-0.77,-49.173,49.848,SBOW,66.169,-14.264
2015-06-30,66.169,-14.264,-33.005,-292.867008,-32.363,-32.363,28.270016,30.209,-54.878,25.004,SBOW,60.116,-13.628
2015-09-30,60.116,-13.628,-33.066,-354.588,-33.066,-33.066,-324.810048,-1.029,-21.724,29.429,SBOW,50.099,0.0
2016-03-31,34.272,-12.076,-20.142,-108.303,-50.998352,-50.998352,-960.11808,5.045,-31.719,14.996,SBOW,29.163,-12.949
2016-06-30,29.163,-12.949,-22.487,810.312,268.99264,268.99264,79.989008,-30.578,34.974,-17.884,SBOW,47.959,4.835
2016-09-30,47.959,4.835,-1.973,0.394,-1.14455,-1.14455,83.324,13.477,-15.324,0.0,SBOW,30.293,-1.737
2016-12-31,30.293,-1.737,-4.31,-7.08,-5.2795,-5.2795,76.054992,18.017,36.514,-56.675,SBOW,42.412,10.523
2017-03-31,42.412,10.523,6.774,17.71,10.6016,10.6016,134.382016,11.736,-24.347,13.114,SBOW,45.782,15.75
2017-06-30,45.782,15.75,9.488,16.241,11.85155,11.85155,151.768016,32.23,-60.863,34.439,SBOW,49.019,17.343
2017-09-30,49.019,17.343,14.424,12.884,13.885,13.885,166.121992,23.086,-55.747,38.936,SBOW,58.694,25.391
2017-12-31,58.694,25.391,22.37,25.137,24.60855,24.60855,193.458008,40.786,-60.723,14.882,SBOW,52.752,20.869
2018-03-31,52.752,20.869,14.821,8.466,13.48645,13.48645,203.827,25.156,-12.826,-19.899,SBOW,51.347,20.53
2018-06-30,51.347,20.53,10.187,2.319,8.2756,8.2756,207.443008,27.891,-50.389,28.872,SBOW,65.034,27.886
2018-09-30,65.034,27.886,16.84,7.08,14.6166,14.6166,216.204,34.977,-79.254,41.988,SBOW,88.152,47.331
2018-12-31,88.152,47.331,26.915,56.751,32.88115,32.88115,274.827008,33.549,-106.354,70.728,SBOW,72.064,32.317
2019-03-31,72.064,32.317,24.67,16.053,22.67715,22.67715,292.469,50.595,-87.924,35.74,SBOW,74.703,32.328
2019-06-30,74.703,32.328,27.313,64.704,51.54576,51.54576,358.883992,49.665,-89.15,41.942,SBOW,72.014,28.36
2019-09-30,72.014,28.36,30.466,27.651,29.05404,29.05404,388.385992,52.805,-62.283,8.995,SBOW,69.85,26.172
2019-12-31,69.85,26.172,25.066,6.248,22.78665,22.78665,395.707008,50.108,-48.511,-3.089,SBOW,53.377,11.484
2020-03-31,53.377,11.484,15.797,-5.858,12.22984,12.22984,391.100984,76.083,-52.76,10.917,SBOW,24.846,-4.692
2011-03-31,304.239008,62.332,4.091,-302.337984,-103.222352,-117.162352,1241.258888,79.662,-269.403008,192.415008,SD,346.500992,85.69
2011-06-30,346.500992,85.69,24.141,223.17,85.232248,71.351248,1796.68512,177.88,-228.208992,46.407,SD,355.939008,93.793
2011-09-30,355.939008,93.793,34.169,636.003968,183.296144,169.415152,2985.903872,64.081,-200.552,457.292992,SD,357.820992,90.147
2011-12-31,357.820992,90.147,35.352,-394.448,-95.4734,-109.3544,2548.949952,137.331008,-204.164992,-50.922,SD,256.179008,-16.485
2012-03-31,256.179008,-16.485,-80.982,-216.224,-130.316848,-144.197856,2391.058752,230.91,-343.344,32.595,SD,567.553984,81.695
2012-06-30,567.553984,81.695,-76.075,917.075968,336.928896,224.043904,4422.07776,186.796,-1120.412032,1181.534976,SD,561.768,147.652
2012-09-30,561.768,147.652,67.0,-159.752,-23.14365,-37.024648,4205.019712,166.524,-576.828992,662.912,SD,1377.181952,154.568
2012-12-31,1377.181952,154.568,71.509,-294.529984,-49.986448,-63.867448,3862.454848,208.51,-515.36,-47.484,SD,495.604992,93.481
2013-03-31,495.604992,93.481,8.182,-531.259008,-131.5822,-145.4632,3275.492288,121.457,2132.450048,-1254.940032,SD,530.048992,130.848
2013-06-30,530.048992,130.848,69.583,24.685,8.4175,-5.4635,3276.298048,263.226,-405.751008,-71.867,SD,481.107008,123.735
2013-09-30,481.107008,123.735,63.008,-65.256,2.06535,-9.8595,3185.54784,210.324,-338.409984,-45.998,SD,477.888,94.62
2013-12-31,477.888,94.62,44.122,49.097,16.89665,3.01465,3175.626688,273.623008,-317.932992,-61.284,SD,400.564992,90.539
2014-03-31,400.564992,90.539,73.081,-142.406,-2.422,-10.233,2997.53888,90.451,373.998016,-99.468,SD,289.422016,46.061
2014-06-30,289.422016,46.061,-99.756,-17.252,-85.745504,-99.626496,2930.20192,140.340992,-339.451008,-61.776,SD,397.552,126.733
2014-09-30,397.552,126.733,66.677,197.499008,72.806896,61.2061,3037.77632,164.892,-408.638016,-84.766,SD,407.492,131.513
2014-12-31,407.492,131.513,10.813,314.056992,117.053696,57.2917,3209.81984,225.43,-483.150016,-151.272992,SD,265.135008,-3.527
2015-03-31,265.135008,-3.527,-116.732,-1151.874048,-479.057696,-373.017696,2006.916928,90.095,-376.036,116.509,SD,196.603008,-40.9
2015-06-30,196.603008,-40.9,-145.460992,-1588.731008,-430.372736,-437.446752,415.572224,228.899008,-252.799008,995.696,SD,222.363008,28.026
2015-09-30,222.363008,28.026,-91.611,-796.484992,-182.260144,-191.374144,-403.269952,41.892,-100.914,-134.452992,SD,157.668992,-21.57
2015-12-31,157.668992,-21.57,-142.616992,-783.961024,-236.845856,-247.726848,-1187.733056,12.651,-309.891008,-57.314,SD,93.14,-76.229
2016-03-31,93.14,-76.229,-160.035008,-313.225984,-213.654448,-224.535456,-1753.197736,-162.644,-67.469,488.567008,SD,91.452,-21.919
2016-06-30,91.452,-21.919,-53.782,-515.911008,-215.529104,-220.969104,-2272.944296,23.603,-43.439,-40.04,SD,104.394,-1.995
2016-09-30,104.394,-1.995,13.819,-404.336992,-132.5382,-132.5382,-2675.52068,75.002,-56.782,0.294,SD,98.456,25.845
2016-12-31,98.456,25.845,41.672,-333.982016,41.663,41.663,512.916992,65.595,-39.835,-415.060992,SD,98.35,22.135
2017-03-31,98.35,22.135,21.528,50.808,31.77405,31.77405,834.908928,64.236,-81.556,-2.912,SD,108.394,27.610616
2017-06-30,108.394,27.610616,-3.35576925,23.499,7.988,7.988,864.161024,39.696,-40.828,-1.467,SD,80.892,-3.552
2017-09-30,80.892,-3.552,0.767,-8.485,9.224,9.224,858.283008,43.974,-58.826,-0.875,SD,93.206,15.130385
2017-12-31,93.206,15.130385,-6.8386155,-18.76,-20.05705,-20.05705,839.940032,33.273,-64.514,-2.964,SD,87.128,11.539
2018-03-31,87.128,11.539,23.675,-40.894,5.342,5.342,813.44,30.407,-64.572,-37.965,SD,79.462,9.874
2018-06-30,79.462,9.874,28.27,-34.074,-1.789,-1.789,780.256,25.71,-17.193,-5.715,SD,97.66,23.151
2018-09-30,97.66,23.151,22.103,11.715,10.804,10.804,792.534976,53.051,-50.557,0.0,SD,85.145,10.519
2018-12-31,85.145,10.519,-54.212,54.178,-0.995,-0.995,847.72096,36.346,-51.131,-0.044,SD,73.236,-4.116
2019-03-31,73.236,-4.116,0.155,-5.277,-0.054,-0.054,843.46,31.57,-61.587,19.707,SD,75.388,-8.081
2019-06-30,75.388,-8.081,-8.809,-13.284,-8.809,-8.809,832.141056,30.903,-61.001,30.552,SD,58.369,-17.334
2019-09-30,58.369,-17.334,-17.229,-181.602,-51.747328,-51.747328,651.243936,33.056,-46.552,9.435,SD,59.852,-3.964
2019-12-31,59.852,-3.964,-3.675,-249.142,30.84333,30.84333,402.452032,25.795,-20.709,-4.846,SD,40.329,-11.648
2020-03-31,40.329,-11.648,-18.348,-12.67,-7.472,-7.472,389.965952,18.103,-4.463,-11.867,SD,16.655,-13.448
2011-03-31,315.328992,46.621,37.035,-18.503,19.166,19.166,1212.448,156.684992,-273.023008,302.555008,SM,377.872992,139.048992
2011-06-30,377.872992,139.048992,124.726,124.533,69.873,69.873,1349.166064,213.288,-293.752,-9.75,SM,530.574016,102.16
2011-09-30,530.574016,102.16,92.815,230.096992,58.059,58.059,1587.753056,119.774,-190.128992,-0.802,SM,379.542016,65.196
2011-12-31,379.542016,65.196,53.067,-120.711,32.159,32.159,1462.94,270.784992,-508.006016,326.492,SM,377.423008,57.121
2012-03-31,377.423008,57.121,42.913,26.336,30.306,30.306,1490.424,188.052992,-331.785984,24.825,SM,304.42,27.685
2012-06-30,304.42,27.685,14.978,24.889,19.709,19.709,1527.696048,222.235008,-363.371008,141.034,SM,378.951008,21.999
2012-09-30,378.951008,21.999,3.763,-38.336,9.163,9.163,1474.041952,243.298,-388.539008,145.240992,SM,444.308,69.831
2012-12-31,444.308,69.831,51.482,-67.138,37.627,37.627,1414.466048,268.383008,-373.636992,110.996,SM,484.18,96.952
2013-03-31,484.18,96.952,79.776,16.727,56.499,56.499,1436.82496,282.292,-378.903008,90.772,SM,553.08,91.705
2013-06-30,553.08,91.705,70.148,76.522,45.093,45.093,1526.902944,314.063008,-398.887008,84.913,SM,619.323008,193.386
2013-09-30,619.323008,193.386,168.926,70.69,105.628,105.628,1586.784,404.513984,-388.583008,-15.931,SM,608.243008,171.991008
2013-12-31,608.243008,171.991008,147.452992,6.996,95.575,95.575,1606.82096,337.644992,-26.53,-29.043,SM,632.72,255.079008
2014-03-31,632.72,255.079008,230.915008,65.607,145.014,145.014,1675.41904,299.728,-345.532992,-0.008,SM,674.979968,237.272224
2014-06-30,674.979968,237.272224,211.385232,59.78,132.162,132.162,1745.952032,415.424992,-487.102016,-0.964,SM,618.785984,187.990464
2014-09-30,618.785984,187.990464,164.697456,208.938,102.829,102.829,1951.840032,359.968992,-903.350016,379.856,SM,595.227008,82.892616
2014-12-31,595.227008,82.892616,55.121616,331.726016,32.58,32.58,2286.65504,381.452992,-742.764032,361.161984,SM,401.736,-105.647
2015-03-31,401.736,-105.647,-137.723008,-53.058,-85.322,-85.322,2236.227936,283.921984,-534.457984,250.438,SM,444.262016,-23.101
2015-06-30,444.262016,-23.101,-53.855,-57.508,-39.163,-39.163,2188.306976,265.586,-112.268,-153.258,SM,368.736,-119.974
2015-09-30,368.736,-119.974,-153.104,3.114,-92.999,-92.999,2186.837056,235.340992,-288.12,52.894,SM,299.2,-185.232
2015-12-31,299.2,-185.232,-216.772,-340.257984,-136.842,-136.842,1852.401024,193.503008,-209.792992,16.111,SM,212.096992,-199.836
2016-03-31,212.096992,-199.836,-230.918,-347.209984,-149.62,-149.62,1508.415936,118.276,-189.323008,71.08,SM,291.768,-117.206
2016-06-30,291.768,-117.206,-151.236,-168.680992,-96.707904,-96.707904,1348.836,138.596992,-161.931008,23.301,SM,330.272,-46.462
2016-09-30,330.272,-46.462,-93.447,-40.907,-59.200388,-59.200388,1847.914944,158.139008,-10.564,833.073024,SM,346.239008,-37.271
2016-12-31,346.239008,-37.271,-83.497,-200.946,-43.286404,-43.286404,2497.132992,137.792,-1508.820992,399.735008,SM,335.275008,13.924
2017-03-31,335.275008,13.924,-33.255,74.434,-22.81907,-22.81907,2615.515008,134.979008,514.827008,-2.517,SM,287.854016,-35.225
2017-06-30,287.854016,-35.225,-62.564,-119.907,-37.856552,-37.856552,2501.828032,107.149,-203.463008,-3.826,SM,297.273984,-2.658
2017-09-30,297.273984,-2.658,-32.796,-89.112,-32.476122,-32.476122,2412.04096,128.482,-245.356992,-1.231,SM,340.000992,18.336
2017-12-31,340.000992,18.336,-24.215,-26.258,-13.771804,-13.771804,2394.608,-304.088992,-270.536992,-4.728,SM,384.225984,86.853
2018-03-31,384.225984,86.853,19.649,317.400992,7.544733,7.544733,2712.097088,140.135008,189.259008,0.0,SM,404.415008,92.331
2018-06-30,404.415008,92.331,15.814,17.197,16.819434,16.819434,2736.627072,171.383008,-194.978,-3.836,SM,458.583008,77.651
2018-09-30,458.583008,77.651,-0.372,-135.923008,-0.35771578125,-0.35771578125,2599.398976,229.659008,-308.240992,-360.518016,SM,392.931008,6.75
2018-12-31,392.931008,6.75,2.655,309.732,12.496661,12.496661,2920.322048,-88.423,-273.974016,-4.319,SM,340.868992,-1.951
2019-03-31,340.868992,-1.951,-45.217,-177.568,-37.88978,-37.88978,2743.22496,118.502,-242.935008,46.482,SM,406.910016,36.667
2019-06-30,406.910016,36.667,-7.612,50.388,-7.4598225,-7.4598225,2801.843008,259.928,-320.352992,66.821,SM,390.316992,4.925
2019-09-30,390.316992,4.925,-11.485,42.234,-12.443609,-12.443609,2843.750016,203.156,-215.415008,9.36,SM,451.147008,36.289
2019-12-31,451.147008,36.289,-5.169,-102.055,-4.4993985,-4.4993985,2748.994048,241.980992,-234.588,-10.894,SM,355.734016,-36.669
2020-03-31,355.734016,-36.669,-5.238,-411.895008,-5.942238,-5.942238,2341.717056,218.132,-139.306,-78.821,SM,169.540992,-136.82
2011-03-31,676.334976,232.651008,222.522,136.608992,134.615456,134.615456,3085.29312,396.479008,-515.457984,120.289,SWN,765.166016,282.542016
2011-06-30,765.166016,282.542016,276.622016,167.454,167.571648,167.571648,3306.430848,460.451008,-469.190016,4.526,SWN,767.254976,295.718016
2011-09-30,767.254976,295.718016,292.732,175.172992,176.988448,176.988448,3608.553088,443.280992,-501.676,58.439,SWN,744.150016,263.89
2011-12-31,744.150016,263.89,254.028992,158.532992,155.288192,155.288192,3969.304064,454.232,-538.465984,86.423,SWN,654.835008,184.326
2012-03-31,654.835008,184.326,176.788,107.704,106.428,106.428,4151.75904,444.663008,-555.209984,301.116992,SWN,606.076032,154.606
2012-06-30,606.076032,154.606,148.822,-405.132,91.289,91.289,3515.876992,392.727008,-546.603008,-10.807,SWN,691.726976,223.862
2012-09-30,691.726976,223.862,213.494,-54.053,132.317,132.317,3253.27904,355.087008,-442.612,64.581,SWN,777.355008,276.313984
2012-12-31,777.355008,276.313984,265.376992,-355.583008,156.671008,156.671008,3035.871936,461.464992,-362.252,-64.002,SWN,733.649024,251.96
2013-03-31,733.649024,251.96,242.406,127.515,145.988,145.988,3081.808,372.137984,-481.161984,72.945,SWN,862.0,325.0
2013-06-30,862.0,325.0,317.0,246.0,190.0,190.0,3373.595136,505.862016,-679.838016,182.055008,SWN,868.366016,309.228992
2013-09-30,868.366016,309.228992,297.892,185.867008,179.808,179.808,3519.988928,499.518016,-550.220032,43.657,SWN,907.089024,317.116992
2013-12-31,907.089024,317.116992,307.544992,144.49,175.416,175.416,3621.999936,531.009984,-504.556,-21.458,SWN,1075.000064,397.0
2014-03-31,1075.000064,397.0,385.0,194.0,231.0,231.0,3800.440064,609.0,-516.0,-97.0,SWN,1035.0,367.0
2014-06-30,1035.0,367.0,355.0,207.0,212.2,212.2,4041.999872,585.0,-608.0,24.0,SWN,928.0,286.0
2014-09-30,928.0,286.0,273.0,211.0,178.0,178.0,4293.0,580.0,-563.0,-17.0,SWN,962.0,289.615392
2014-12-31,962.0,289.615392,264.615392,312.0,185.0,185.0,4662.000064,561.0,-5600.999936,5072.999936,SWN,969.0,242.538464
2015-03-31,969.0,242.538464,190.538464,78.0,116.0,84.0,7056.999936,541.0,-1095.000064,518.0,SWN,816.0,27.538462
2015-06-30,816.0,27.538462,29.538462,-788.0,18.0,-9.0,6218.000128,399.0,265.0,-644.0,SWN,798.0,49.0
2015-09-30,798.0,49.0,49.0,-1739.000064,30.0,3.0,4437.0,287.0,-433.0,124.0,SWN,754.0,76.0
2015-12-31,754.0,76.0,40.0,-2107.000064,1.150829625,-25.84917,2281.999872,353.0,-375.0,22.0,SWN,586.0,5.0
2016-03-31,586.0,5.0,-12.0,-1132.0,-7.0,-34.0,1147.999872,92.0,-196.0,1686.0,SWN,545.0,10.0
2016-06-30,545.0,10.0,-7.0,-593.0,-7.6292515,-34.629252,572.999936,73.0,10.0,-682.0,SWN,641.0,84.0
2016-09-30,641.0,84.0,61.0,-708.0,37.140152,10.140152,1122.999808,172.0,229.0,75.0,SWN,697.0,147.0
2016-12-31,697.0,147.0,117.0,-210.0,67.259256,40.25926,916.999936,161.0,-205.0,-7.0,SWN,816.0,235.0
2017-03-31,816.0,235.0,205.0,351.0,141.482816,71.482816,1277.999872,312.0,-334.0,-19.0,SWN,772.0,147.0
2017-06-30,772.0,147.0,119.0,284.0,85.784176,25.784172,1572.999936,266.0,-272.0,-265.0,SWN,751.0,126.0
2017-09-30,751.0,126.0,93.0,77.0,59.735716,25.735714,1651.999744,211.0,-315.0,-18.0,SWN,835.0,192.0
2017-12-31,835.0,192.0,156.0,334.0,114.0,47.0,1978.999808,308.0,-331.0,-50.0,SWN,911.0,255.0
2018-03-31,911.0,255.0,215.0,208.0,162.090912,159.090912,2193.000192,364.0,-294.0,-28.0,SWN,836.0,170.0
2018-06-30,836.0,170.0,141.0,51.0,105.752808,105.752808,2249.999872,300.0,-381.0,-840.0,SWN,945.0,223.0
2018-09-30,945.0,223.0,193.0,-29.0,199.236976,199.236976,2204.999936,307.0,-320.0,-15.0,SWN,1076.0,259.0
2018-12-31,1076.0,259.0,234.0,307.0,176.0,176.0,2361.999872,252.0,1354.0,-1414.0,SWN,980.0,204.0
2019-03-31,980.0,204.0,191.0,594.0,145.0,145.0,2936.999808,442.0,-258.0,-19.0,SWN,701.0,74.0
2019-06-30,701.0,74.0,53.0,138.0,40.0,40.0,3082.000128,101.0,-302.0,-10.0,SWN,724.0,76.0
2019-09-30,724.0,76.0,57.0,49.0,39.79,39.79,3134.999936,196.0,-275.0,-47.0,SWN,813.0,145.0
2019-12-31,813.0,145.0,126.0,110.0,99.0,99.0,3246.000256,225.0,-210.0,-39.0,SWN,685.0,92.0
2020-03-31,685.0,92.0,74.0,-1547.000064,56.0,56.0,1701.000192,160.0,-228.0,68.0,SWN,530.0,20.0
2011-03-31,200.039008,66.932,64.355,39.792,41.209,40.335,438.452992,89.315,-149.104992,-1.26,TALO,234.836,91.257
2011-06-30,234.836,91.257,89.824,57.196,56.681848,55.489848,534.284992,157.216992,-117.548,-3.554,TALO,206.312,72.412
2011-09-30,206.312,72.412,71.12,51.821,49.1677,48.1917,663.77408,141.880992,-158.154,-0.294,TALO,223.616,75.281
2011-12-31,223.616,75.281,73.656,45.523,46.7463,46.1183,667.828992,182.436992,-254.443008,45.003,TALO,244.956992,85.412
2012-03-31,244.956992,85.412,80.132,50.974,51.289248,50.412248,734.905088,118.932,-106.841,213.299008,TALO,221.144992,50.74
2012-06-30,221.144992,50.74,43.501,30.547,27.0266,27.0266,832.492032,130.085,-169.916992,-0.16,TALO,227.396992,46.297
2012-09-30,227.396992,46.297,39.165,23.659,24.8368,24.2968,826.15904,124.493,-171.611008,-0.545,TALO,254.562,78.088
2012-12-31,254.562,78.088,69.769,44.246,45.326952,44.841952,872.132992,135.836,-119.916,87.42,TALO,233.732,74.049
2013-03-31,233.732,74.049,65.257,40.758,41.551648,40.781648,893.52304,146.766,-161.567008,-3.372,TALO,244.508992,68.157
2013-06-30,244.508992,68.157,60.059,39.022,38.1328,37.1178,951.036032,129.207,-163.876992,-0.125,TALO,256.684992,64.106
2013-09-30,256.684992,64.106,58.277,36.102,37.1966,36.2726,972.56304,163.536992,-146.784,-0.091,TALO,239.252992,50.349
2013-12-31,239.252992,50.349,44.725,1.752,28.0263,27.9183,970.285984,154.695008,-150.808,84.182,TALO,223.83,49.151
2014-03-31,223.83,49.151,41.644,25.943,26.33235,25.79535,985.952032,115.472,-237.232992,-6.691,TALO,207.046,19.129
2014-06-30,207.046,19.129,9.952,4.444,6.0794,5.9684,1211.544992,141.488,-232.968,222.612,TALO,177.431008,6.992
2014-09-30,177.431008,6.992,-2.562,-29.415,-2.5388,-2.5388,1215.626944,75.44,-228.53,-0.412,TALO,184.78,1.231
2014-12-31,184.78,1.231,-8.754,-190.515008,-3.7193,-3.7193,1101.603008,68.741,-173.856,-0.063,TALO,154.998,-4.282
2015-03-31,154.998,-4.282,-14.382,-327.388,-6.9952,-6.9952,762.579968,83.522,7.085,-2.991,TALO,149.524992,2.533
2015-06-30,149.524992,2.533,-7.26,-152.906,-5.198,-5.198,584.736,62.143,-82.592,-0.078,TALO,135.096,5.27
2015-09-30,135.096,5.27,-5.292,-291.964992,-4.016,-4.016,291.52896,53.315,-120.358,-0.058,TALO,116.099,13.903
2015-12-31,116.099,13.903,2.359,-318.656,5.709,5.709,-39.788928,48.494,-125.425,13.288,TALO,80.877,-42.746
2016-03-31,80.877,-42.746,-57.577,-188.784,-43.927,-43.927,-224.998912,29.439,-129.31,456.255008,TALO,89.319,-46.571
2016-06-30,89.319,-46.571,-63.607,-195.760992,-35.4726,-35.4726,-428.856064,-31.569,-49.854,-116.517,TALO,94.427,-29.86
2016-09-30,94.427,-29.86,-46.47,-89.635,-37.7014,-37.7014,-519.660928,35.023,-21.643,-0.175,TALO,113.107,-3.716
2016-12-31,113.107,-3.716,-18.304,-116.406,-11.49585,-11.49585,-637.282048,45.695,-37.365,-0.148,TALO,101.824,7.287
2017-03-31,101.824,7.287,-11.431,34.462,4.63155,4.63155,295.544,23.627,-25.417,-17.856,TALO,95.426,10.384
2017-06-30,95.426,10.384,-10.318,24.607,1.90575,1.90575,288.946992,61.636,-39.362,5.986,TALO,99.962,16.712
2017-09-30,99.962,16.712,3.912,-36.177,-10.11915,-10.11915,290.746016,39.169,-29.421,-3.183,TALO,115.616,20.569
2017-12-31,115.616,20.569,16.018,-85.76,-19.6043,-19.6043,-54.086976,51.621,-63.441,-3.359,TALO,145.85,48.584
2018-03-31,145.85,48.584,29.033,-22.943,18.11804,18.11804,-77.127,39.645,-30.012,-28.524,TALO,203.906,57.573
2018-06-30,203.906,57.573,0.999,-74.912,-14.94231,-14.94231,685.845056,67.466,182.044992,-183.948992,TALO,282.868,98.956
2018-09-30,282.868,98.956,33.644,13.109,29.33165,29.33165,699.764032,36.576,-47.973,22.458,TALO,258.664,78.552
2018-12-31,258.664,78.552,40.525,306.286016,94.026432,94.026432,1007.495936,119.758,-66.565,-3.196,TALO,178.712992,20.862
2019-03-31,178.712992,20.862,-6.942,-109.636,-0.583,-0.583,899.986016,41.122,-135.312,0.005,TALO,286.809984,107.943
2019-06-30,286.809984,107.943,74.299,94.764,65.706192,65.706192,998.041024,141.499008,-121.836,22.465,TALO,228.856992,54.446
2019-09-30,228.856992,54.446,37.25,73.297,36.162432,36.162432,1074.823968,149.792,-143.319008,-4.896,TALO,233.24,49.524
2019-12-31,233.24,49.524,24.311,0.304,61.179248,61.179248,1078.277024,61.32,-95.489,30.509,TALO,187.764,3.603
2020-03-31,187.764,3.603,14.067,157.748992,-41.204968,-41.204968,1394.896944,110.232,-376.683008,286.380992,TALO,88.874,-90.915
2011-03-31,5.715768,4.881153,4.885493,3.359569,3.359569,3.359569,16.288826,6.359269,0.0,-5.382714,TPL,8.794596,8.00816
2011-06-30,8.794596,8.00816,8.012551,5.415929,5.415929,5.415929,17.660796,4.035713,-0.016893,-4.053704,TPL,8.555794,7.843529
2011-09-30,8.555794,7.843529,7.848114,5.258936,5.258936,5.258936,18.895994,6.253988,0.0,-4.033483,TPL,11.23435,10.004548
2011-12-31,11.23435,10.004548,10.00976,6.560335,6.560335,6.560335,20.547234,7.282238,-0.003118,-4.56127,TPL,9.574882,8.773089
2012-03-31,9.574882,8.773089,8.778286,5.938255,5.938255,5.938255,19.58162,8.568732,-0.024697,-6.915229,TPL,8.701734,7.951105
2012-06-30,8.701734,7.951105,7.956109,5.284674,5.284674,5.284674,19.7149,2.097225,-0.007402,-5.162753,TPL,7.038481,6.365183
2012-09-30,7.038481,6.365183,6.369983,4.311092,4.311092,4.311092,19.570548,4.195978,0.0,-4.466804,TPL,7.272359,6.214074
2012-12-31,7.272359,6.214074,6.218508,4.113797,4.113797,4.113797,15.596145,5.049555,-0.004806,-7.93447,TPL,6.723783,5.840639
2013-03-31,6.723783,5.840639,5.84371,4.137844,4.137844,4.137844,15.875233,5.395639,0.0,-3.876907,TPL,9.950824,9.046569
2013-06-30,9.950824,9.046569,9.049678,6.13044,6.13044,6.13044,15.96702,5.420376,-0.013733,-6.056803,TPL,14.933866,14.101172
2013-09-30,14.933866,14.101172,14.103915,9.431118,9.431118,9.431118,17.293402,14.451496,0.0,-8.122886,TPL,12.500601,11.142193
2013-12-31,12.500601,11.142193,11.145275,7.519106,7.519106,7.519106,17.929666,4.797843,-0.020377,-7.160344,TPL,11.578609,10.636204
2014-03-31,11.578609,10.636204,10.639548,7.249918,7.249918,7.249918,20.128528,10.088898,-0.000787,-5.059465,TPL,15.579884,14.709532
2014-06-30,15.579884,14.709532,14.712912,9.914167,9.914167,9.914167,26.11126,9.837183,-0.027549,-3.939843,TPL,14.752719,13.874798
2014-09-30,14.752719,13.874798,13.878547,9.366043,9.366043,9.366043,28.247536,9.227318,-0.002565,-7.238175,TPL,13.291018,12.196497
2014-12-31,13.291018,12.196497,12.200547,8.234892,8.234892,8.234892,26.719816,9.699024,-0.001887,-9.006604,TPL,34.73266,33.74892
2015-03-31,34.73266,33.74892,33.755612,22.166088,22.166088,22.166088,39.846748,31.863346,-0.013591,-9.063134,TPL,11.787875,10.941774
2015-06-30,11.787875,10.941774,10.949033,7.416012,7.416012,7.416012,38.416064,-1.92363,0.0,-8.870671,TPL,18.179458,17.225918
2015-09-30,18.179458,17.225918,17.233208,11.461349,11.461349,11.461349,44.612944,12.725108,-0.073055,-5.288441,TPL,14.71486,13.338972
2015-12-31,14.71486,13.338972,13.34517,8.995057,8.995057,8.995057,45.68868,6.902375,-0.10981,-7.951287,TPL,11.892161,10.804673
2016-03-31,11.892161,10.804673,10.810615,7.280051,7.2853815,7.2853815,43.552964,11.278208,-0.131683,-9.438622,TPL,16.190266,15.097626
2016-06-30,16.190266,15.097626,15.10347,10.123117,10.123117,10.123117,45.375296,7.328391,-0.108774,-8.323641,TPL,14.265752,13.092176
2016-09-30,14.265752,13.092176,13.099676,8.929412,8.929412,8.929412,42.783388,11.534982,-0.110481,-11.544173,TPL,17.563218,16.071576
2016-12-31,17.563218,16.071576,16.08136,10.90697,10.901639,10.901639,47.62452,10.81626,-0.607933,-6.286614,TPL,30.407,28.886
2017-03-31,30.407,28.886,28.893,19.259,19.2564,19.2564,43.174056,24.384,-1.884,-19.354,TPL,32.293,30.379
2017-06-30,32.293,30.379,30.385,20.35,20.35,20.35,48.561616,10.578,-1.698,-11.341,TPL,51.977,49.306
2017-09-30,51.977,49.306,49.324,33.002,33.002,33.002,67.83904,30.897,-4.36,-7.144,TPL,54.401992,52.249752
2017-12-31,54.401992,52.249752,52.327112,34.855836,34.853236,34.853236,105.098,27.971,-10.778,-10.084,TPL,60.007,54.481
2018-03-31,60.007,54.481,54.611,43.791,43.791,43.791,110.542,44.671,-12.592,-38.361,TPL,73.844,65.505
2018-06-30,73.844,65.505,65.665,52.503,52.503,52.503,152.732,46.555,-21.635,-10.326,TPL,73.168,62.957
2018-09-30,73.168,62.957,63.193,50.762,50.76042,50.76042,195.04,41.605,-8.417,-8.466,TPL,93.201,77.889
2018-12-31,93.201,77.889,78.279,62.68,62.68,62.68,244.691008,62.617,-38.889,-12.896,TPL,191.324,175.152992
2019-03-31,191.324,175.152992,175.546,139.998,139.998,139.998,333.799008,162.000992,-59.824,-50.899,TPL,87.31,62.442
2019-06-30,87.31,62.442,62.879,49.586,49.586,49.586,383.393984,57.97,-42.173,0.0,TPL,98.53,73.818
2019-09-30,98.53,73.818,74.759,60.022,60.022,60.022,443.425984,64.252,-4.892,0.0,TPL,113.332,88.16
2019-12-31,113.332,88.16,89.071,69.122,69.122,69.122,512.136992,58.567,-4.803,0.0,TPL,96.594,70.542
2020-03-31,96.594,70.542,71.368,57.401,57.401,57.401,445.343008,68.639,-24.443,-124.098,TPL,57.284,34.74
2014-03-31,15.853,9.221,3.853,3.853,3.853,3.853,6.841,6.543,-6.878,-0.028,VNOM,17.249,9.496
2014-06-30,17.249,9.496,4.109,4.109,4.109,0.941,436.671008,7.521,1.603,-2.494,VNOM,22.767,11.175
2014-09-30,22.767,11.175,10.869,10.869,10.869,10.869,543.518976,15.569,-91.539,82.445,VNOM,21.898,10.525
2014-12-31,21.898,10.525,10.803,10.803,10.803,10.803,535.351008,22.18,-0.001,-20.573,VNOM,16.545,4.764
2015-03-31,16.545,4.764,5.082,5.082,5.082,5.082,521.444992,14.553,0.085,-19.927,VNOM,19.619,7.946
2015-06-30,19.619,7.946,8.045,8.045,8.045,8.045,515.284992,15.62,-0.008,-15.445,VNOM,18.777,6.545
2015-09-30,18.777,6.545,6.355,6.355,6.355,6.355,505.18,15.8,-32.297,11.46,VNOM,19.918,8.543
2015-12-31,19.918,8.543,8.36,4.937,8.36,8.36,495.144,17.859,-11.687,-10.584,VNOM,14.194,2.907
2016-03-31,14.194,2.907,2.676,-23.335,-6.42785,-6.42785,454.604,15.886,-2.082,-9.68,VNOM,17.032,7.747
2016-06-30,17.032,7.747,7.438,-14.02,-0.0723,-0.0723,429.662016,14.115,-9.237,-3.397,VNOM,19.997,10.594
2016-09-30,19.997,10.594,10.202,10.202,10.202,10.202,549.078976,16.553,-126.467,111.528,VNOM,27.923,16.91
2016-12-31,27.923,16.91,16.254,16.254,16.254,16.254,547.897984,22.073,-67.935,47.317,VNOM,33.652,21.45
2017-03-31,33.652,21.45,29.652,20.652,26.502,26.502,691.718016,26.065,-8.579,1.864,VNOM,36.622,22.479
2017-06-30,36.622,22.479,139.148992,22.149,98.199,98.199,688.083008,35.382,-114.1,51.769,VNOM,42.533,27.067
2017-09-30,42.533,27.067,205.607008,26.607,142.956992,142.956992,909.859968,32.61,-178.454,148.668,VNOM,59.226,42.825
2017-12-31,59.226,42.825,80.17,42.07,66.835,66.835,913.907968,45.162,-42.946,17.543,VNOM,62.443,43.703
2018-03-31,62.443,43.703,41.997,42.896,42.185792,42.185792,887.054976,49.212,-149.868992,94.611,VNOM,75.406,54.926
2018-06-30,75.406,54.926,52.121,128.464,95.876648,95.876648,963.297984,63.0,-102.621,54.356,VNOM,77.714,54.846
2018-09-30,77.714,54.846,51.775,50.812,2.50321,2.50321,1267.76704,64.202,-257.474,177.215008,VNOM,73.665,49.512
2018-12-31,73.665,49.512,149.168992,40.705,85.986848,85.986848,1237.042048,68.079,-104.289,42.057,VNOM,61.59,40.004
2019-03-31,61.59,40.004,36.111,74.311,30.94132,30.94132,1607.661952,46.451,-81.923,22.929,VNOM,72.194,49.57
2019-06-30,72.194,49.57,47.404,47.274,2.2255,2.2255,1604.04096,55.269,-56.523,3.925,VNOM,71.788,46.555
2019-09-30,71.788,46.555,43.281,51.097,7.68056,7.68056,1592.067968,62.508,-188.75,133.39,VNOM,92.711,57.411
2019-12-31,92.711,57.411,48.0,48.528,1.61634,1.61634,2185.420072,72.463,-203.376,114.563,VNOM,78.692,45.237
2020-03-31,78.692,45.237,46.798,-123.85,-119.905216,-119.905216,1990.166984,96.111,-64.626,5.184,VNOM,32.669,5.094
2011-03-31,428.745984,185.283008,174.3,19.414,102.059,101.789,2551.07796,214.055008,-401.256,173.275008,WLL,476.256,222.032992
2011-06-30,476.256,222.032992,210.476992,203.148992,122.83,122.561,2755.807944,374.163008,-445.356992,77.257,WLL,470.444,201.976992
2011-09-30,470.444,201.976992,189.455008,206.235008,115.331,115.062,2964.051016,275.536,-420.267008,139.73,WLL,493.456992,216.748992
2011-12-31,493.456992,216.748992,203.699008,62.83,127.019,126.75,3029.13096,328.328992,-493.156,174.55,WLL,559.824,228.376
2012-03-31,559.824,228.376,212.675008,98.446,124.644,124.375,3125.181968,352.992,-213.052,-145.926,WLL,493.515008,164.892
2012-06-30,493.515008,164.892,155.248992,150.851008,92.637,92.367,3279.821048,282.192992,-464.883008,179.672,WLL,521.592992,163.039008
2012-09-30,521.592992,163.039008,152.696992,83.113,92.523,92.254,3367.094,382.76,-543.222976,179.731008,WLL,565.12,178.576992
2012-12-31,565.12,178.576992,166.746,81.689,103.328,103.059,3453.171904,383.270016,-559.16,194.615008,WLL,604.902976,200.39392
2013-03-31,604.902976,200.39392,187.602928,86.244,114.143,113.874,3540.608008,297.614016,-628.491008,294.259008,WLL,651.430976,207.812
2013-06-30,651.430976,207.812,193.879008,134.944,121.679,121.41,3680.351016,442.616992,-574.590016,147.103008,WLL,705.878016,271.299936
2013-09-30,705.878016,271.299936,255.80992,204.091008,164.84,164.84,3890.059928,513.896,-138.674,627.044992,WLL,702.379008,235.33
2013-12-31,702.379008,235.33,201.756992,-59.276,115.171,115.171,3836.698912,490.617984,-560.744,-255.992992,WLL,721.249984,251.076992
2014-03-31,721.249984,251.076992,217.372992,109.051,128.756,128.756,3941.49704,323.896992,-579.553984,-37.366,WLL,825.76,324.648
2014-06-30,825.76,324.648,293.668992,151.426,174.88,174.88,4097.134976,567.769024,-742.568,-4.555,WLL,804.233984,276.340992
2014-09-30,804.233984,276.340992,245.656,157.960992,153.503008,153.503008,4262.230992,457.64,-757.726976,101.057,WLL,704.204992,139.498688
2014-12-31,704.204992,139.498688,66.215692,-353.692992,63.094,63.094,5703.043952,465.996,-780.668032,364.719008,WLL,551.681984,0.3453076875
2015-03-31,551.681984,0.3453076875,-99.559696,-106.128,-67.26,-67.26,6789.69012,202.139008,-1021.609984,847.286016,WLL,676.499008,97.69292
2015-06-30,676.499008,97.69292,-13.197077,-149.295008,-14.448,-14.448,6707.831296,325.996992,-423.287008,51.529,WLL,538.915008,-2.11684625
2015-09-30,538.915008,-2.11684625,-117.182848,-1865.117952,-67.875,-67.875,4850.017968,373.12,-395.417984,-0.125,WLL,461.48,-73.213616
2015-12-31,461.48,-73.213616,-198.464608,-98.727,-129.15,-129.15,4758.587984,150.136,-141.804,-30.01,WLL,289.696992,-214.526
2016-03-31,289.696992,-214.526,-237.027008,-171.758,-151.294432,-151.294432,4592.700064,45.948,-260.263008,199.323008,WLL,358.547008,-104.231
2016-06-30,358.547008,-104.231,-178.483008,-301.046016,-154.62,-154.62,4764.950952,160.986,-96.698,-50.011,WLL,341.335008,-98.184536
2016-09-30,341.335008,-98.184536,-204.938544,-693.054976,-156.672,-156.672,4604.01912,151.320992,216.108992,-364.439008,WLL,363.900992,-64.837
2016-12-31,363.900992,-64.837,-150.738,-173.264992,-98.921968,-98.921968,5149.191952,236.755008,-81.724,-100.135,WLL,371.316992,-28.294
2017-03-31,371.316992,-28.294,-70.883,-86.971,-51.877008,-51.877008,5063.267168,80.07,243.14,-380.006016,WLL,311.515008,-60.15
2017-06-30,311.515008,-60.15,-99.816,-65.981,-63.224564,-63.224564,4996.106752,110.993,-204.126,99.947,WLL,324.191008,-43.886
2017-09-30,324.191008,-43.886,-83.889,-286.432,-48.14128,-48.14128,4715.972864,99.343,238.586,-350.0,WLL,474.412,13.851
2017-12-31,474.412,13.851,-32.418,-798.278016,-13.261023,-13.261023,3919.141888,286.703008,-204.203008,785.707008,WLL,515.083008,160.576992
2018-03-31,515.083008,160.576992,86.625,15.012,86.625,86.625,3935.612928,232.867008,-177.447008,-904.284032,WLL,526.403008,157.498
2018-06-30,526.403008,157.498,217.064,2.12,60.202,60.202,3939.266048,310.412992,-224.852992,-99.462,WLL,566.694976,195.09
2018-09-30,566.694976,195.09,87.586,121.4,87.586,87.586,4063.853056,263.756,-315.132,48.95,WLL,473.232992,109.767
2018-12-31,473.232992,109.767,48.828,203.962,-28.71317,-28.71317,4270.315776,284.967008,-235.622,-49.925,WLL,389.488992,24.403
2019-03-31,389.488992,24.403,-19.479,-68.925,-12.42711,-12.42711,4202.349312,148.508992,-195.467008,35.043,WLL,426.264,43.077
2019-06-30,426.264,43.077,0.13,-5.687,-23.352,-23.352,4200.6272,233.424,-227.178,-1.258,WLL,375.891008,2.701
2019-09-30,375.891008,2.701,-32.882,-19.067,-32.882,-32.882,4169.95712,138.992,-148.804,3.132,WLL,380.600992,14.799
2019-12-31,380.600992,14.799,-18.308,-147.487008,-18.308,-18.308,4024.970752,235.035008,-162.398,-63.985,WLL,244.846,-98.38
2020-03-31,244.846,-98.38,-141.596992,-3628.57088,-873.861568,-873.861568,394.702848,37.213,-120.181,640.588992,WLL,91.6,-102.669
2011-03-31,210.855008,37.548,49.072,17.273,31.32405,31.32405,439.24,72.725,-40.008,-2.979,WTI,252.922,115.643
2011-06-30,252.922,115.643,80.121,53.052,51.2528,51.2528,493.272,229.844992,-482.955008,233.164992,WTI,245.371008,96.133
2011-09-30,245.371008,96.133,84.581,52.928,54.768152,54.768152,545.997008,396.051008,-620.107008,203.067008,WTI,261.899008,81.136
2011-12-31,261.899008,81.136,77.225,46.065,51.5796,51.5796,544.573984,521.478016,-722.670976,177.05,WTI,235.886,24.213
2012-03-31,235.886,24.213,44.147,0.032,27.4191,27.4191,544.416,128.157,-85.126,-39.035,WTI,215.512992,99.1
2012-06-30,215.512992,99.1,34.243,50.247,17.64495,16.45995,595.166976,113.168,-103.136,-9.987,WTI,185.946,8.26
2012-09-30,185.946,8.26,20.838,-1.471,14.4436,14.4436,590.979984,110.164,-142.608,30.884,WTI,237.146,47.987
2012-12-31,237.146,47.987,30.336,16.67,16.7207,16.7207,541.187008,33.648,-326.571008,298.175008,WTI,259.222,60.321
2013-03-31,259.222,60.321,40.616,26.618,26.4,26.119,563.997984,169.834,-136.74,-33.062,WTI,235.383008,53.823
2013-06-30,235.383008,53.823,23.94,22.396,15.325,15.05,582.177984,127.528,-163.454,32.925,WTI,244.555008,22.9
2013-09-30,244.555008,22.9,24.276,14.194,15.52585,15.36685,593.032,178.471008,-119.673,-52.847,WTI,244.928,0.625
2013-12-31,244.928,0.625,-17.788,-11.886,-11.44335,-11.44335,540.609984,85.525,-194.938,109.986,WTI,254.516,44.717
2014-03-31,254.516,44.717,25.329,11.189,16.059,15.939,547.324,118.49,-95.327,-18.628,WTI,262.994,37.944
2014-06-30,262.994,37.944,28.289,9.837,18.403,18.303,553.387008,152.56,-172.431008,23.383,WTI,234.520992,7.202
2014-09-30,234.520992,7.202,-12.193,0.684,-8.27365,-8.34365,550.194016,153.895008,-189.891008,29.369,WTI,196.676992,-41.298
2014-12-31,196.676992,-41.298,-61.41,-33.371,-40.459,-40.459,509.307992,49.028,-134.852992,92.271,WTI,127.907,-77.118
2015-03-31,127.907,-77.118,-98.279,-255.095008,-85.841504,-85.841504,256.958016,52.918,-135.167008,66.95,WTI,149.066,-24.956
2015-06-30,149.066,-24.956,-50.733,-260.448992,-43.40692,-43.40692,-0.788,27.992,-67.385,36.697,WTI,126.228,-37.116
2015-09-30,126.228,-37.116,-64.631,-477.568,-78.039,-78.039,-475.75104,104.732,-107.756,4.816,WTI,104.064,-32.65
2015-12-31,104.064,-32.65,-52.654,-51.606,-15.994581,-15.994581,-526.490976,-2.239,345.534016,-265.344,WTI,77.715,-48.443
2016-03-31,77.715,-48.443,-74.59,-190.508992,-72.728,-72.728,-714.463968,29.709,-32.583,288.083008,WTI,99.655,-17.463
2016-06-30,99.655,-17.463,-47.11,-120.922,-36.50808,-36.50808,-832.802944,-40.978,-17.821,-140.0,WTI,107.403,0.048
2016-09-30,107.403,0.048,-23.497,45.928,-23.55134,-23.55134,-677.996992,2.101,-9.654,-90.92,WTI,115.213,10.356
2016-12-31,115.213,10.356,6.574,16.483,6.19114,6.19114,-659.036928,23.348,-22.338,-4.125,WTI,124.393,24.954
2017-03-31,124.393,24.954,10.472,24.299,19.421102,18.363102,-632.810048,81.183,-23.023,-2.301,WTI,123.323,35.664
2017-06-30,123.323,35.664,16.866,33.315,27.237628,25.863628,-597.956992,-15.598,-22.457,-15.72,WTI,110.281,18.579
2017-09-30,110.281,18.579,11.661,-1.297,4.96775,4.96775,-597.27104,64.735,-28.834,-2.057,WTI,129.099,33.732
2017-12-31,129.099,33.732,23.282,23.365,130.179552,130.179552,-573.508032,29.088,-32.793,-3.401,WTI,134.213,38.739
2018-03-31,134.213,38.739,27.749,27.64,27.64,26.495,-544.64896,74.981,-41.271,-2.057,WTI,148.463008,54.116
2018-06-30,148.463008,54.116,41.844,36.083,41.71462,40.24062,-507.409024,40.211,-36.479,-5.003,WTI,153.747008,57.147
2018-09-30,153.747008,57.147,44.172,46.26,44.036316,42.176316,-459.776,179.66,32.02,-2.057,WTI,147.82,42.782
2018-12-31,147.82,42.782,32.015,138.844,31.950076,26.712076,-324.796032,26.911,-20.655,-312.025984,WTI,117.653,19.483
2019-03-31,117.653,19.483,2.87,-47.761,-7.89839,-7.89839,-372.634944,84.845,-31.581,-0.441,WTI,132.667,33.54
2019-06-30,132.667,33.54,20.855,36.389,33.35619,32.69019,-334.987008,21.471,-41.568,-0.31,WTI,132.404,29.729
2019-09-30,132.404,29.729,14.729,75.899,71.419696,71.419696,-257.84,80.28,-188.071008,83.823,WTI,151.287008,35.715
2019-12-31,151.287008,35.715,20.256,9.559,24.46472,24.46472,-249.364992,45.631,-52.594,-2.345,WTI,133.52,19.291
2020-03-31,133.52,19.291,1.458,65.98,1.8856685,1.8856685,-182.33696,84.324,-35.647,-33.536,WTI,77.819,9.951
2011-03-31,428.630016,208.740992,205.556,118.162,130.962,130.962,2721.546944,265.276992,-322.651008,-2.606,XEC,467.248992,240.862
2011-06-30,467.248992,240.862,241.892,166.748992,152.548992,152.548992,2887.60096,373.814016,-408.892992,-5.917,XEC,435.556,198.05
2011-09-30,435.556,198.05,199.628,128.152,131.552,131.552,3013.406976,332.432,-275.182016,-13.24,XEC,433.164992,187.012992
2011-12-31,433.164992,187.012992,188.76,116.869,119.420248,119.420248,3130.612992,320.752,-422.72,47.214,XEC,423.036,169.276
2012-03-31,423.036,169.276,173.138,106.107,108.707,108.707,3230.461952,251.892,-409.940992,160.048992,XEC,353.121984,105.306
2012-06-30,353.121984,105.306,108.575,64.302,68.517952,67.224952,3291.974016,323.04,-373.072992,142.559008,XEC,406.912,135.363008
2012-09-30,406.912,135.363008,137.53,84.262,87.66188,87.66188,3377.947008,261.216,-428.924,76.187,XEC,440.868,177.252992
2012-12-31,440.868,177.252992,173.676,99.152,109.82904,109.82904,3474.736,356.616,-203.134,-89.355,XEC,427.081984,146.827008
2013-03-31,427.081984,146.827008,145.432,89.927,91.440848,91.440848,3554.592896,247.078,-409.216992,111.133,XEC,494.796,187.227008
2013-06-30,494.796,187.227008,189.26,129.565,119.35852,117.22752,3678.996992,322.708,-346.832,10.124,XEC,555.238976,229.324992
2013-09-30,555.238976,229.324992,224.92,138.37,141.442544,139.067552,3816.285056,370.961984,-375.204,4.241,XEC,516.846016,324.08
2013-12-31,516.846016,324.08,325.908992,206.827008,207.922896,202.895904,4022.208,383.6,-399.784,16.184,XEC,594.428992,230.947008
2014-03-31,594.428992,230.947008,231.15,138.456992,145.5732,143.2892,4147.736832,348.024,-439.790016,91.765,XEC,635.651968,241.855008
2014-06-30,635.651968,241.855008,237.835008,148.64,149.574048,147.258048,4286.63104,421.744992,-748.776,451.056,XEC,649.529024,212.868384
2014-09-30,649.529024,212.868384,213.117392,144.315008,133.977,131.57,4429.974016,502.200992,-59.259,-7.84,XEC,552.206976,125.678
2014-12-31,552.206976,125.678,121.213,75.792,76.399104,76.3964,4500.631936,347.395008,-492.641984,-12.548,XEC,361.001984,-31.827
2015-03-31,361.001984,-31.827,-40.081,-414.940992,-31.716,-31.716,4086.137984,113.173,-388.774016,-9.329,XEC,424.283008,33.902
2015-06-30,424.283008,33.902,25.029,-600.214976,14.399,14.399,4196.163072,257.372,-237.096992,715.673024,XEC,356.055008,-1.194
2015-09-30,356.055008,-1.194,-13.135,-763.283968,-14.358,-14.358,3433.967104,206.000992,-163.843008,0.274,XEC,311.279008,-36.034
2015-12-31,311.279008,-36.034,-48.547,-630.508032,-360.907808,-360.907808,2797.677968,114.954,-218.891008,-15.993,XEC,245.668,-25.845
2016-03-31,245.668,-25.845,-40.096,-231.459008,-25.946,-25.946,2614.331104,85.405,-172.812992,-15.335,XEC,302.732,46.751
2016-06-30,302.732,46.751,33.571,-214.454,20.949,20.949,2346.801952,132.381,-157.164992,-10.116,XEC,336.508,92.576
2016-09-30,336.508,92.576,80.894,-10.673,50.341,50.341,2333.281984,223.002,-154.418,-11.627,XEC,384.436,140.048992
2016-12-31,384.436,140.048992,123.282,47.783,66.368,66.368,2042.988928,185.060992,-208.014,-22.867,XEC,441.116,171.558
2017-03-31,441.116,171.558,159.356992,130.972,99.722,97.467,2210.949056,249.514,-314.976992,-8.505,XEC,456.795008,174.304
2017-06-30,456.795008,174.304,161.882,97.262,101.008,99.365,2311.754944,255.286,-275.847008,-38.752,XEC,466.656992,168.624992
2017-09-30,466.656992,168.624992,161.723008,91.399,103.633,102.061,2402.063104,251.004992,-333.811008,-13.981,XEC,552.049024,213.384992
2017-12-31,552.049024,213.384992,204.379008,174.696,133.226072,133.226072,2568.278112,340.759008,-341.262016,-21.771,XEC,554.745024,234.124992
2018-03-31,554.745024,234.124992,226.719008,186.318,173.642,170.976,2751.593088,383.092992,-312.255008,-7.562,XEC,548.744,206.672
2018-06-30,548.744,206.672,197.232,140.996992,151.907008,150.015008,2886.497952,321.246016,-359.296992,-14.936,XEC,590.988992,250.202
2018-09-30,590.988992,250.202,246.044,148.354,189.608,187.539008,3025.822048,453.473984,19.388,-19.739,XEC,620.110016,245.580992
2018-12-31,620.110016,245.580992,242.124,316.182016,189.715008,189.715008,3329.786048,393.180992,-433.454016,-23.007,XEC,567.905984,162.78
2019-03-31,567.905984,162.78,153.358,26.316,117.327,116.882,3842.98192,250.091008,-629.811008,-400.016,XEC,552.700032,114.526
2019-06-30,552.700032,114.526,108.824,109.309,82.944,80.078,3943.51312,413.992,-392.860992,-22.647,XEC,584.001024,135.642
2019-09-30,584.001024,135.642,127.46,123.847,95.967,92.799,3971.177952,320.073984,-291.777984,-23.825,XEC,645.230976,162.468992
2019-12-31,645.230976,162.468992,154.362,-384.091008,120.375,120.375,3657.76112,359.808992,-263.432,-25.54,XEC,515.944,82.563
2020-03-31,515.944,82.563,73.435,-774.281984,57.477608,55.658608,2871.12,308.791008,-291.484,-23.323,XEC,313.324,-54.025
2016-03-31,14.63,-58.0,-71.54,-45.52,-62.433,-62.433,0.0,37.54,-78.524,9.786,XOG,62.706,-20.146
2016-06-30,62.706,-20.146,-33.22,-127.614,-66.2579,-66.2579,698.393984,3.638,-81.556,115.68,XOG,68.115,-26.287
2016-09-30,68.115,-26.287,-57.467,-37.267,-50.397,-50.397,676.234992,56.385,-120.466,-38.203,XOG,98.44,-209.496992
2016-12-31,98.44,-209.496992,-220.159008,-245.602,-210.032048,-210.032048,1769.212032,18.825,-635.262016,1203.787008,XOG,98.68,-17.249
2017-03-31,98.68,-17.249,-26.341,8.716,-17.40555,-21.42255,1790.666976,19.333,-319.784992,-3.733,XOG,119.623,-13.588
2017-06-30,119.623,-13.588,-22.359,7.24,-14.87235,-18.92535,1808.044016,46.494,-273.335008,-2.821,XOG,184.023008,8.324
2017-09-30,184.023008,8.324,-5.865,-29.796,-3.12195,-7.20795,1790.636,75.909,-477.942016,385.283008,XOG,202.020992,2.765
2017-12-31,202.020992,2.765,-15.062,-30.568,16.0045,7.8895,1775.148032,175.228992,-367.536,84.666,XOG,253.468,70.46
2018-03-31,253.468,70.46,7.486,-51.995,6.13399,1.97499,1731.549024,119.254,-265.084992,154.426,XOG,295.848,96.7
2018-06-30,295.848,96.7,78.437,8.848,60.505312,56.308312,1755.183056,167.836,-200.784,85.834,XOG,323.168992,115.777
2018-09-30,323.168992,115.777,96.879,65.15,69.372912,65.136912,1973.141888,181.272,-212.264,236.808,XOG,311.775008,90.164
2018-12-31,311.775008,90.164,72.068,99.852,30.82614,26.55014,2059.053024,216.571008,-219.172,-36.478,XOG,232.246,29.279
2019-03-31,232.246,29.279,17.414,-94.032,12.94534,8.62834,1942.632096,134.111,-232.375008,-23.951,XOG,236.26,19.823
2019-06-30,236.26,19.823,2.116,43.444,-5.23112,-9.59012,1913.91008,84.333,-216.868992,55.672,XOG,176.942,-18.356
2019-09-30,176.942,-18.356,-24.142,33.924,-29.41614,-33.81914,2045.401872,138.116992,-257.624,141.328,XOG,230.844,-87.464
2019-12-31,230.844,-87.464,-121.188,-1364.988032,-296.987968,-303.34496,684.376,201.396,-143.284992,-83.457,XOG,165.187008,-157.08
2020-03-31,165.187008,-157.08,-138.568992,9.037,-109.309744,-109.309744,422.853952,147.099008,-139.703008,-0.057,XOG,63.129,-174.478
